{"companies": [{"name": "ATVI", "income_statement": [{"date": "2019-09-30", "Revenue": "1282000000.0", "Revenue Growth": "-0.1521", "Cost of Revenue": "442000000.0", "Gross Profit": "840000000.0", "R&D Expenses": "210000000.0", "SG&A Expense": "359000000.0", "Operating Expenses": "593000000.0", "Operating Income": "247000000.0", "Interest Expense": "-2000000.0", "Earnings before Tax": "249000000.0", "Income Tax Expense": "45000000.0", "Net Income - Non-Controlling int": "0.0", "Net Income - Discontinued ops": "0.0", "Net Income": "204000000.0", "Preferred Dividends": "0.0", "Net Income Com": "204000000.0", "EPS": "0.27", "EPS Diluted": "0.26", "Weighted Average Shs Out": "767025940.0", "Weighted Average Shs Out (Dil)": "767000000.0", "Dividend per Share": "0.0", "Gross Margin": "0.6552", "EBITDA Margin": "0.267", "EBIT Margin": "0.1927", "Profit Margin": "0.159", "Free Cash Flow margin": "0.2145", "EBITDA": "342000000.0", "EBIT": "247000000.0", "Consolidated Income": "204000000.0", "Earnings Before Tax Margin": "0.1942", "Net Profit Margin": "0.1591"}, {"date": "2019-06-30", "Revenue": "1396000000.0", "Revenue Growth": "-0.1493", "Cost of Revenue": "433000000.0", "Gross Profit": "963000000.0", "R&D Expenses": "244000000.0", "SG&A Expense": "361000000.0", "Operating Expenses": "627000000.0", "Operating Income": "336000000.0", "Interest Expense": "-34000000.0", "Earnings before Tax": "370000000.0", "Income Tax Expense": "42000000.0", "Net Income - Non-Controlling int": "0.0", "Net Income - Discontinued ops": "0.0", "Net Income": "328000000.0", "Preferred Dividends": "0.0", "Net Income Com": "328000000.0", "EPS": "0.43", "EPS Diluted": "0.43", "Weighted Average Shs Out": "766006719.0", "Weighted Average Shs Out (Dil)": "766000000.0", "Dividend per Share": "0.0", "Gross Margin": "0.6898", "EBITDA Margin": "0.322", "EBIT Margin": "0.2407", "Profit Margin": "0.235", "Free Cash Flow margin": "0.091", "EBITDA": "449000000.0", "EBIT": "336000000.0", "Consolidated Income": "328000000.0", "Earnings Before Tax Margin": "0.265", "Net Profit Margin": "0.235"}, {"date": "2019-03-31", "Revenue": "1825000000.0", "Revenue Growth": "-0.0712", "Cost of Revenue": "563000000.0", "Gross Profit": "1262000000.0", "R&D Expenses": "249000000.0", "SG&A Expense": "386000000.0", "Operating Expenses": "692000000.0", "Operating Income": "570000000.0", "Interest Expense": "3000000.0", "Earnings before Tax": "567000000.0", "Income Tax Expense": "120000000.0", "Net Income - Non-Controlling int": "0.0", "Net Income - Discontinued ops": "0.0", "Net Income": "447000000.0", "Preferred Dividends": "0.0", "Net Income Com": "447000000.0", "EPS": "0.58", "EPS Diluted": "0.58", "Weighted Average Shs Out": "763833873.0", "Weighted Average Shs Out (Dil)": "764000000.0", "Dividend per Share": "0.37", "Gross Margin": "0.6915", "EBITDA Margin": "0.36", "EBIT Margin": "0.3123", "Profit Margin": "0.245", "Free Cash Flow margin": "0.2367", "EBITDA": "657000000.0", "EBIT": "570000000.0", "Consolidated Income": "447000000.0", "Earnings Before Tax Margin": "0.3107", "Net Profit Margin": "0.2449"}, {"date": "2018-12-31", "Revenue": "2381000000.0", "Revenue Growth": "0.1654", "Cost of Revenue": "832000000.0", "Gross Profit": "1549000000.0", "R&D Expenses": "325000000.0", "SG&A Expense": "530000000.0", "Operating Expenses": "855000000.0", "Operating Income": "694000000.0", "Interest Expense": "4000000.0", "Earnings before Tax": "690000000.0", "Income Tax Expense": "39000000.0", "Net Income - Non-Controlling int": "0.0", "Net Income - Discontinued ops": "0.0", "Net Income": "651000000.0", "Preferred Dividends": "0.0", "Net Income Com": "651000000.0", "EPS": "0.85", "EPS Diluted": "0.84", "Weighted Average Shs Out": "763050718.0", "Weighted Average Shs Out (Dil)": "765000000.0", "Dividend per Share": "0.0", "Gross Margin": "0.6506", "EBITDA Margin": "0.344", "EBIT Margin": "0.2915", "Profit Margin": "0.273", "Free Cash Flow margin": "0.4053", "EBITDA": "818000000.0", "EBIT": "694000000.0", "Consolidated Income": "651000000.0", "Earnings Before Tax Margin": "0.2898", "Net Profit Margin": "0.2734"}, {"date": "2018-09-30", "Revenue": "1512000000.0", "Revenue Growth": "-0.0655", "Cost of Revenue": "513000000.0", "Gross Profit": "999000000.0", "R&D Expenses": "263000000.0", "SG&A Expense": "471000000.0", "Operating Expenses": "734000000.0", "Operating Income": "265000000.0", "Interest Expense": "13000000.0", "Earnings before Tax": "212000000.0", "Income Tax Expense": "-48000000.0", "Net Income - Non-Controlling int": "0.0", "Net Income - Discontinued ops": "0.0", "Net Income": "260000000.0", "Preferred Dividends": "0.0", "Net Income Com": "260000000.0", "EPS": "0.34", "EPS Diluted": "0.34", "Weighted Average Shs Out": "762408587.0", "Weighted Average Shs Out (Dil)": "763000000.0", "Dividend per Share": "0.0", "Gross Margin": "0.6607", "EBITDA Margin": "0.227", "EBIT Margin": "0.1488", "Profit Margin": "0.172", "Free Cash Flow margin": "0.1435", "EBITDA": "343000000.0", "EBIT": "225000000.0", "Consolidated Income": "260000000.0", "Earnings Before Tax Margin": "0.1402", "Net Profit Margin": "0.172"}, {"date": "2018-06-30", "Revenue": "1641000000.0", "Revenue Growth": "0.0061", "Cost of Revenue": "510000000.0", "Gross Profit": "1131000000.0", "R&D Expenses": "255000000.0", "SG&A Expense": "442000000.0", "Operating Expenses": "697000000.0", "Operating Income": "434000000.0", "Interest Expense": "26000000.0", "Earnings before Tax": "408000000.0", "Income Tax Expense": "6000000.0", "Net Income - Non-Controlling int": "0.0", "Net Income - Discontinued ops": "0.0", "Net Income": "402000000.0", "Preferred Dividends": "0.0", "Net Income Com": "402000000.0", "EPS": "0.53", "EPS Diluted": "0.52", "Weighted Average Shs Out": "761226715.0", "Weighted Average Shs Out (Dil)": "761000000.0", "Dividend per Share": "0.0", "Gross Margin": "0.6892", "EBITDA Margin": "0.333", "EBIT Margin": "0.2645", "Profit Margin": "0.245", "Free Cash Flow margin": "-0.0128", "EBITDA": "546000000.0", "EBIT": "434000000.0", "Consolidated Income": "402000000.0", "Earnings Before Tax Margin": "0.2486", "Net Profit Margin": "0.245"}, {"date": "2018-03-31", "Revenue": "1965000000.0", "Revenue Growth": "0.1385", "Cost of Revenue": "662000000.0", "Gross Profit": "1303000000.0", "R&D Expenses": "259000000.0", "SG&A Expense": "449000000.0", "Operating Expenses": "708000000.0", "Operating Income": "595000000.0", "Interest Expense": "28000000.0", "Earnings before Tax": "567000000.0", "Income Tax Expense": "67000000.0", "Net Income - Non-Controlling int": "0.0", "Net Income - Discontinued ops": "0.0", "Net Income": "500000000.0", "Preferred Dividends": "0.0", "Net Income Com": "500000000.0", "EPS": "0.66", "EPS Diluted": "0.65", "Weighted Average Shs Out": "758631663.0", "Weighted Average Shs Out (Dil)": "759000000.0", "Dividend per Share": "0.34", "Gross Margin": "0.6631", "EBITDA Margin": "0.382", "EBIT Margin": "0.3028", "Profit Margin": "0.254", "Free Cash Flow margin": "0.2534", "EBITDA": "750000000.0", "EBIT": "595000000.0", "Consolidated Income": "500000000.0", "Earnings Before Tax Margin": "0.2885", "Net Profit Margin": "0.2545"}, {"date": "2017-12-31", "Revenue": "2043000000.0", "Revenue Growth": "0.0144", "Cost of Revenue": "803000000.0", "Gross Profit": "1240000000.0", "R&D Expenses": "319000000.0", "SG&A Expense": "700000000.0", "Operating Expenses": "1019000000.0", "Operating Income": "221000000.0", "Interest Expense": "37000000.0", "Earnings before Tax": "184000000.0", "Income Tax Expense": "769000000.0", "Net Income - Non-Controlling int": "0.0", "Net Income - Discontinued ops": "0.0", "Net Income": "-585000000.0", "Preferred Dividends": "0.0", "Net Income Com": "-585000000.0", "EPS": "-0.78", "EPS Diluted": "-0.76", "Weighted Average Shs Out": "756099455.0", "Weighted Average Shs Out (Dil)": "757000000.0", "Dividend per Share": "0.0", "Gross Margin": "0.607", "EBITDA Margin": "0.215", "EBIT Margin": "0.1082", "Profit Margin": "-0.286", "Free Cash Flow margin": "0.533", "EBITDA": "439000000.0", "EBIT": "221000000.0", "Consolidated Income": "-585000000.0", "Earnings Before Tax Margin": "0.0901", "Net Profit Margin": "-0.2863"}, {"date": "2017-09-30", "Revenue": "1618000000.0", "Revenue Growth": "0.0319", "Cost of Revenue": "552000000.0", "Gross Profit": "1066000000.0", "R&D Expenses": "273000000.0", "SG&A Expense": "536000000.0", "Operating Expenses": "809000000.0", "Operating Income": "257000000.0", "Interest Expense": "37000000.0", "Earnings before Tax": "220000000.0", "Income Tax Expense": "32000000.0", "Net Income - Non-Controlling int": "0.0", "Net Income - Discontinued ops": "0.0", "Net Income": "188000000.0", "Preferred Dividends": "0.0", "Net Income Com": "188000000.0", "EPS": "0.25", "EPS Diluted": "0.25", "Weighted Average Shs Out": "754921174.0", "Weighted Average Shs Out (Dil)": "755000000.0", "Dividend per Share": "0.0", "Gross Margin": "0.6588", "EBITDA Margin": "0.295", "EBIT Margin": "0.1588", "Profit Margin": "0.116", "Free Cash Flow margin": "0.2132", "EBITDA": "477000000.0", "EBIT": "257000000.0", "Consolidated Income": "188000000.0", "Earnings Before Tax Margin": "0.136", "Net Profit Margin": "0.1162"}, {"date": "2017-06-30", "Revenue": "1631000000.0", "Revenue Growth": "0.0389", "Cost of Revenue": "561000000.0", "Gross Profit": "1070000000.0", "R&D Expenses": "252000000.0", "SG&A Expense": "479000000.0", "Operating Expenses": "731000000.0", "Operating Income": "339000000.0", "Interest Expense": "46000000.0", "Earnings before Tax": "293000000.0", "Income Tax Expense": "50000000.0", "Net Income - Non-Controlling int": "0.0", "Net Income - Discontinued ops": "0.0", "Net Income": "243000000.0", "Preferred Dividends": "0.0", "Net Income Com": "243000000.0", "EPS": "0.32", "EPS Diluted": "0.32", "Weighted Average Shs Out": "753662407.0", "Weighted Average Shs Out (Dil)": "754000000.0", "Dividend per Share": "0.0", "Gross Margin": "0.656", "EBITDA Margin": "0.346", "EBIT Margin": "0.2078", "Profit Margin": "0.149", "Free Cash Flow margin": "0.1435", "EBITDA": "565000000.0", "EBIT": "339000000.0", "Consolidated Income": "243000000.0", "Earnings Before Tax Margin": "0.1796", "Net Profit Margin": "0.149"}, {"date": "2017-03-31", "Revenue": "1726000000.0", "Revenue Growth": "0.1863", "Cost of Revenue": "585000000.0", "Gross Profit": "1141000000.0", "R&D Expenses": "225000000.0", "SG&A Expense": "423000000.0", "Operating Expenses": "648000000.0", "Operating Income": "493000000.0", "Interest Expense": "40000000.0", "Earnings before Tax": "453000000.0", "Income Tax Expense": "27000000.0", "Net Income - Non-Controlling int": "0.0", "Net Income - Discontinued ops": "0.0", "Net Income": "426000000.0", "Preferred Dividends": "0.0", "Net Income Com": "426000000.0", "EPS": "0.57", "EPS Diluted": "0.56", "Weighted Average Shs Out": "751846958.0", "Weighted Average Shs Out (Dil)": "749000000.0", "Dividend per Share": "0.3", "Gross Margin": "0.6611", "EBITDA Margin": "0.415", "EBIT Margin": "0.2856", "Profit Margin": "0.247", "Free Cash Flow margin": "0.226", "EBITDA": "717000000.0", "EBIT": "493000000.0", "Consolidated Income": "426000000.0", "Earnings Before Tax Margin": "0.2625", "Net Profit Margin": "0.2468"}, {"date": "2016-12-31", "Revenue": "2014000000.0", "Revenue Growth": "0.4896", "Cost of Revenue": "776000000.0", "Gross Profit": "1238000000.0", "R&D Expenses": "285000000.0", "SG&A Expense": "528000000.0", "Operating Expenses": "813000000.0", "Operating Income": "425000000.0", "Interest Expense": "33000000.0", "Earnings before Tax": "300000000.0", "Income Tax Expense": "47000000.0", "Net Income - Non-Controlling int": "0.0", "Net Income - Discontinued ops": "0.0", "Net Income": "253000000.0", "Preferred Dividends": "0.0", "Net Income Com": "253000000.0", "EPS": "0.34", "EPS Diluted": "0.34", "Weighted Average Shs Out": "743213371.0", "Weighted Average Shs Out (Dil)": "743000000.0", "Dividend per Share": "0.0", "Gross Margin": "0.6147", "EBITDA Margin": "0.287", "EBIT Margin": "0.1653", "Profit Margin": "0.126", "Free Cash Flow margin": "0.4081", "EBITDA": "578000000.0", "EBIT": "333000000.0", "Consolidated Income": "253000000.0", "Earnings Before Tax Margin": "0.149", "Net Profit Margin": "0.1256"}, {"date": "2016-09-30", "Revenue": "1568000000.0", "Revenue Growth": "0.5838", "Cost of Revenue": "529000000.0", "Gross Profit": "1039000000.0", "R&D Expenses": "249000000.0", "SG&A Expense": "496000000.0", "Operating Expenses": "745000000.0", "Operating Income": "294000000.0", "Interest Expense": "63000000.0", "Earnings before Tax": "231000000.0", "Income Tax Expense": "32000000.0", "Net Income - Non-Controlling int": "0.0", "Net Income - Discontinued ops": "0.0", "Net Income": "199000000.0", "Preferred Dividends": "0.0", "Net Income Com": "199000000.0", "EPS": "0.27", "EPS Diluted": "0.26", "Weighted Average Shs Out": "741467062.0", "Weighted Average Shs Out (Dil)": "742000000.0", "Dividend per Share": "0.0", "Gross Margin": "0.6626", "EBITDA Margin": "0.342", "EBIT Margin": "0.1875", "Profit Margin": "0.127", "Free Cash Flow margin": "0.273", "EBITDA": "537000000.0", "EBIT": "294000000.0", "Consolidated Income": "199000000.0", "Earnings Before Tax Margin": "0.1473", "Net Profit Margin": "0.1269"}, {"date": "2016-06-30", "Revenue": "1570000000.0", "Revenue Growth": "0.5038", "Cost of Revenue": "598000000.0", "Gross Profit": "972000000.0", "R&D Expenses": "249000000.0", "SG&A Expense": "491000000.0", "Operating Expenses": "740000000.0", "Operating Income": "232000000.0", "Interest Expense": "65000000.0", "Earnings before Tax": "167000000.0", "Income Tax Expense": "16000000.0", "Net Income - Non-Controlling int": "0.0", "Net Income - Discontinued ops": "0.0", "Net Income": "151000000.0", "Preferred Dividends": "0.0", "Net Income Com": "151000000.0", "EPS": "0.2", "EPS Diluted": "0.2", "Weighted Average Shs Out": "738227641.0", "Weighted Average Shs Out (Dil)": "739000000.0", "Dividend per Share": "0.0", "Gross Margin": "0.6191", "EBITDA Margin": "0.297", "EBIT Margin": "0.1478", "Profit Margin": "0.096", "Free Cash Flow margin": "0.2924", "EBITDA": "466000000.0", "EBIT": "232000000.0", "Consolidated Income": "151000000.0", "Earnings Before Tax Margin": "0.1064", "Net Profit Margin": "0.0962"}, {"date": "2016-03-31", "Revenue": "1455000000.0", "Revenue Growth": "0.1385", "Cost of Revenue": "491000000.0", "Gross Profit": "964000000.0", "R&D Expenses": "175000000.0", "SG&A Expense": "328000000.0", "Operating Expenses": "503000000.0", "Operating Income": "461000000.0", "Interest Expense": "52000000.0", "Earnings before Tax": "409000000.0", "Income Tax Expense": "46000000.0", "Net Income - Non-Controlling int": "0.0", "Net Income - Discontinued ops": "0.0", "Net Income": "363000000.0", "Preferred Dividends": "0.0", "Net Income Com": "363000000.0", "EPS": "0.49", "EPS Diluted": "0.48", "Weighted Average Shs Out": "734998115.0", "Weighted Average Shs Out (Dil)": "735000000.0", "Dividend per Share": "0.26", "Gross Margin": "0.6625", "EBITDA Margin": "0.39", "EBIT Margin": "0.3168", "Profit Margin": "0.249", "Free Cash Flow margin": "0.2131", "EBITDA": "568000000.0", "EBIT": "461000000.0", "Consolidated Income": "363000000.0", "Earnings Before Tax Margin": "0.2811", "Net Profit Margin": "0.2495"}, {"date": "2015-12-31", "Revenue": "1352000000.0", "Revenue Growth": "-0.1416", "Cost of Revenue": "538000000.0", "Gross Profit": "814000000.0", "R&D Expenses": "193000000.0", "SG&A Expense": "372000000.0", "Operating Expenses": "565000000.0", "Operating Income": "249000000.0", "Interest Expense": "47000000.0", "Earnings before Tax": "202000000.0", "Income Tax Expense": "43000000.0", "Net Income - Non-Controlling int": "0.0", "Net Income - Discontinued ops": "0.0", "Net Income": "159000000.0", "Preferred Dividends": "0.0", "Net Income Com": "159000000.0", "EPS": "0.22", "EPS Diluted": "0.21", "Weighted Average Shs Out": "731183860.0", "Weighted Average Shs Out (Dil)": "731000000.0", "Dividend per Share": "0.0", "Gross Margin": "0.6021", "EBITDA Margin": "0.206", "EBIT Margin": "0.1842", "Profit Margin": "0.118", "Free Cash Flow margin": "0.7744", "EBITDA": "279000000.0", "EBIT": "249000000.0", "Consolidated Income": "159000000.0", "Earnings Before Tax Margin": "0.1494", "Net Profit Margin": "0.1176"}, {"date": "2015-09-30", "Revenue": "990000000.0", "Revenue Growth": "0.3147", "Cost of Revenue": "337000000.0", "Gross Profit": "653000000.0", "R&D Expenses": "159000000.0", "SG&A Expense": "298000000.0", "Operating Expenses": "457000000.0", "Operating Income": "196000000.0", "Interest Expense": "51000000.0", "Earnings before Tax": "145000000.0", "Income Tax Expense": "18000000.0", "Net Income - Non-Controlling int": "0.0", "Net Income - Discontinued ops": "0.0", "Net Income": "127000000.0", "Preferred Dividends": "0.0", "Net Income Com": "127000000.0", "EPS": "0.17", "EPS Diluted": "0.17", "Weighted Average Shs Out": "729020389.0", "Weighted Average Shs Out (Dil)": "730000000.0", "Dividend per Share": "0.0", "Gross Margin": "0.6596", "EBITDA Margin": "0.223", "EBIT Margin": "0.198", "Profit Margin": "0.128", "Free Cash Flow margin": "-0.196", "EBITDA": "221000000.0", "EBIT": "196000000.0", "Consolidated Income": "127000000.0", "Earnings Before Tax Margin": "0.1465", "Net Profit Margin": "0.1283"}, {"date": "2015-06-30", "Revenue": "1044000000.0", "Revenue Growth": "0.0763", "Cost of Revenue": "297000000.0", "Gross Profit": "747000000.0", "R&D Expenses": "149000000.0", "SG&A Expense": "266000000.0", "Operating Expenses": "415000000.0", "Operating Income": "332000000.0", "Interest Expense": "50000000.0", "Earnings before Tax": "282000000.0", "Income Tax Expense": "70000000.0", "Net Income - Non-Controlling int": "0.0", "Net Income - Discontinued ops": "0.0", "Net Income": "212000000.0", "Preferred Dividends": "0.0", "Net Income Com": "212000000.0", "EPS": "0.29", "EPS Diluted": "0.29", "Weighted Average Shs Out": "726186329.0", "Weighted Average Shs Out (Dil)": "727000000.0", "Dividend per Share": "0.0", "Gross Margin": "0.7155", "EBITDA Margin": "0.337", "EBIT Margin": "0.318", "Profit Margin": "0.203", "Free Cash Flow margin": "0.1025", "EBITDA": "352000000.0", "EBIT": "332000000.0", "Consolidated Income": "212000000.0", "Earnings Before Tax Margin": "0.2701", "Net Profit Margin": "0.2031"}, {"date": "2015-03-31", "Revenue": "1278000000.0", "Revenue Growth": "0.1503", "Cost of Revenue": "413000000.0", "Gross Profit": "865000000.0", "R&D Expenses": "145000000.0", "SG&A Expense": "178000000.0", "Operating Expenses": "323000000.0", "Operating Income": "542000000.0", "Interest Expense": "50000000.0", "Earnings before Tax": "492000000.0", "Income Tax Expense": "98000000.0", "Net Income - Non-Controlling int": "0.0", "Net Income - Discontinued ops": "0.0", "Net Income": "394000000.0", "Preferred Dividends": "0.0", "Net Income Com": "394000000.0", "EPS": "0.54", "EPS Diluted": "0.53", "Weighted Average Shs Out": "722918352.0", "Weighted Average Shs Out (Dil)": "723000000.0", "Dividend per Share": "0.23", "Gross Margin": "0.6768", "EBITDA Margin": "0.44", "EBIT Margin": "0.4241", "Profit Margin": "0.308", "Free Cash Flow margin": "0.1471", "EBITDA": "562000000.0", "EBIT": "542000000.0", "Consolidated Income": "394000000.0", "Earnings Before Tax Margin": "0.385", "Net Profit Margin": "0.3083"}, {"date": "2014-12-31", "Revenue": "1575000000.0", "Revenue Growth": "0.0375", "Cost of Revenue": "631000000.0", "Gross Profit": "944000000.0", "R&D Expenses": "184000000.0", "SG&A Expense": "322000000.0", "Operating Expenses": "506000000.0", "Operating Income": "438000000.0", "Interest Expense": "50000000.0", "Earnings before Tax": "388000000.0", "Income Tax Expense": "27000000.0", "Net Income - Non-Controlling int": "0.0", "Net Income - Discontinued ops": "0.0", "Net Income": "361000000.0", "Preferred Dividends": "0.0", "Net Income Com": "361000000.0", "EPS": "0.49", "EPS Diluted": "0.49", "Weighted Average Shs Out": "719030007.0", "Weighted Average Shs Out (Dil)": "722000000.0", "Dividend per Share": "0.0", "Gross Margin": "0.5994", "EBITDA Margin": "0.297", "EBIT Margin": "0.2781", "Profit Margin": "0.229", "Free Cash Flow margin": "0.7727", "EBITDA": "467000000.0", "EBIT": "438000000.0", "Consolidated Income": "361000000.0", "Earnings Before Tax Margin": "0.2463", "Net Profit Margin": "0.2292"}, {"date": "2014-09-30", "Revenue": "753000000.0", "Revenue Growth": "0.0897", "Cost of Revenue": "253000000.0", "Gross Profit": "500000000.0", "R&D Expenses": "131000000.0", "SG&A Expense": "361000000.0", "Operating Expenses": "492000000.0", "Operating Income": "8000000.0", "Interest Expense": "51000000.0", "Earnings before Tax": "-43000000.0", "Income Tax Expense": "-20000000.0", "Net Income - Non-Controlling int": "0.0", "Net Income - Discontinued ops": "0.0", "Net Income": "-23000000.0", "Preferred Dividends": "0.0", "Net Income Com": "-23000000.0", "EPS": "-0.03", "EPS Diluted": "-0.03", "Weighted Average Shs Out": "717482060.0", "Weighted Average Shs Out (Dil)": "718000000.0", "Dividend per Share": "0.0", "Gross Margin": "0.664", "EBITDA Margin": "0.041", "EBIT Margin": "0.0106", "Profit Margin": "-0.031", "Free Cash Flow margin": "-0.2297", "EBITDA": "31000000.0", "EBIT": "8000000.0", "Consolidated Income": "-23000000.0", "Earnings Before Tax Margin": "-0.0571", "Net Profit Margin": "-0.0305"}, {"date": "2014-06-30", "Revenue": "970000000.0", "Revenue Growth": "-0.0762", "Cost of Revenue": "300000000.0", "Gross Profit": "670000000.0", "R&D Expenses": "112000000.0", "SG&A Expense": "248000000.0", "Operating Expenses": "360000000.0", "Operating Income": "310000000.0", "Interest Expense": "50000000.0", "Earnings before Tax": "260000000.0", "Income Tax Expense": "56000000.0", "Net Income - Non-Controlling int": "0.0", "Net Income - Discontinued ops": "0.0", "Net Income": "204000000.0", "Preferred Dividends": "0.0", "Net Income Com": "204000000.0", "EPS": "0.28", "EPS Diluted": "0.28", "Weighted Average Shs Out": "714998372.0", "Weighted Average Shs Out (Dil)": "716000000.0", "Dividend per Share": "0.0", "Gross Margin": "0.6907", "EBITDA Margin": "0.339", "EBIT Margin": "0.3196", "Profit Margin": "0.21", "Free Cash Flow margin": "0.0835", "EBITDA": "329000000.0", "EBIT": "310000000.0", "Consolidated Income": "204000000.0", "Earnings Before Tax Margin": "0.268", "Net Profit Margin": "0.2103"}, {"date": "2014-03-31", "Revenue": "1111000000.0", "Revenue Growth": "-0.1609", "Cost of Revenue": "342000000.0", "Gross Profit": "769000000.0", "R&D Expenses": "143000000.0", "SG&A Expense": "199000000.0", "Operating Expenses": "342000000.0", "Operating Income": "427000000.0", "Interest Expense": "51000000.0", "Earnings before Tax": "376000000.0", "Income Tax Expense": "83000000.0", "Net Income - Non-Controlling int": "0.0", "Net Income - Discontinued ops": "0.0", "Net Income": "293000000.0", "Preferred Dividends": "0.0", "Net Income Com": "293000000.0", "EPS": "0.4", "EPS Diluted": "0.4", "Weighted Average Shs Out": "712370652.0", "Weighted Average Shs Out (Dil)": "709000000.0", "Dividend per Share": "0.2", "Gross Margin": "0.6922", "EBITDA Margin": "0.401", "EBIT Margin": "0.3843", "Profit Margin": "0.264", "Free Cash Flow margin": "0.0891", "EBITDA": "446000000.0", "EBIT": "427000000.0", "Consolidated Income": "293000000.0", "Earnings Before Tax Margin": "0.3384", "Net Profit Margin": "0.2637"}, {"date": "2013-12-31", "Revenue": "1518000000.0", "Revenue Growth": "-0.1414", "Cost of Revenue": "654000000.0", "Gross Profit": "864000000.0", "R&D Expenses": "197000000.0", "SG&A Expense": "382000000.0", "Operating Expenses": "579000000.0", "Operating Income": "285000000.0", "Interest Expense": "52000000.0", "Earnings before Tax": "233000000.0", "Income Tax Expense": "60000000.0", "Net Income - Non-Controlling int": "0.0", "Net Income - Discontinued ops": "0.0", "Net Income": "173000000.0", "Preferred Dividends": "0.0", "Net Income Com": "173000000.0", "EPS": "0.23", "EPS Diluted": "0.22", "Weighted Average Shs Out": "695432548.0", "Weighted Average Shs Out (Dil)": "1024000000.0", "Dividend per Share": "0.0", "Gross Margin": "0.5692", "EBITDA Margin": "0.214", "EBIT Margin": "0.1877", "Profit Margin": "0.114", "Free Cash Flow margin": "0.5692", "EBITDA": "325000000.0", "EBIT": "285000000.0", "Consolidated Income": "173000000.0", "Earnings Before Tax Margin": "0.1535", "Net Profit Margin": "0.114"}, {"date": "2013-09-30", "Revenue": "691000000.0", "Revenue Growth": "-0.1784", "Cost of Revenue": "175000000.0", "Gross Profit": "516000000.0", "R&D Expenses": "140000000.0", "SG&A Expense": "306000000.0", "Operating Expenses": "446000000.0", "Operating Income": "70000000.0", "Interest Expense": "4000000.0", "Earnings before Tax": "66000000.0", "Income Tax Expense": "10000000.0", "Net Income - Non-Controlling int": "0.0", "Net Income - Discontinued ops": "0.0", "Net Income": "56000000.0", "Preferred Dividends": "0.0", "Net Income Com": "56000000.0", "EPS": "0.05", "EPS Diluted": "0.05", "Weighted Average Shs Out": "1119457954.0", "Weighted Average Shs Out (Dil)": "1122000000.0", "Dividend per Share": "0.0", "Gross Margin": "0.7467", "EBITDA Margin": "0.132", "EBIT Margin": "0.1013", "Profit Margin": "0.081", "Free Cash Flow margin": "-0.1042", "EBITDA": "91000000.0", "EBIT": "70000000.0", "Consolidated Income": "56000000.0", "Earnings Before Tax Margin": "0.0955", "Net Profit Margin": "0.081"}, {"date": "2013-06-30", "Revenue": "1050000000.0", "Revenue Growth": "-0.0233", "Cost of Revenue": "285000000.0", "Gross Profit": "765000000.0", "R&D Expenses": "123000000.0", "SG&A Expense": "212000000.0", "Operating Expenses": "335000000.0", "Operating Income": "430000000.0", "Interest Expense": "0.0", "Earnings before Tax": "430000000.0", "Income Tax Expense": "106000000.0", "Net Income - Non-Controlling int": "0.0", "Net Income - Discontinued ops": "0.0", "Net Income": "324000000.0", "Preferred Dividends": "0.0", "Net Income Com": "324000000.0", "EPS": "0.28", "EPS Diluted": "0.28", "Weighted Average Shs Out": "1117541849.0", "Weighted Average Shs Out (Dil)": "1118000000.0", "Dividend per Share": "0.0", "Gross Margin": "0.7286", "EBITDA Margin": "0.431", "EBIT Margin": "0.4095", "Profit Margin": "0.309", "Free Cash Flow margin": "0.0857", "EBITDA": "453000000.0", "EBIT": "430000000.0", "Consolidated Income": "324000000.0", "Earnings Before Tax Margin": "0.4095", "Net Profit Margin": "0.3086"}, {"date": "2013-03-31", "Revenue": "1324000000.0", "Revenue Growth": "0.1297", "Cost of Revenue": "416000000.0", "Gross Profit": "908000000.0", "R&D Expenses": "125000000.0", "SG&A Expense": "196000000.0", "Operating Expenses": "321000000.0", "Operating Income": "587000000.0", "Interest Expense": "-2000000.0", "Earnings before Tax": "589000000.0", "Income Tax Expense": "133000000.0", "Net Income - Non-Controlling int": "0.0", "Net Income - Discontinued ops": "0.0", "Net Income": "456000000.0", "Preferred Dividends": "0.0", "Net Income Com": "456000000.0", "EPS": "0.4", "EPS Diluted": "0.4", "Weighted Average Shs Out": "1113696788.0", "Weighted Average Shs Out (Dil)": "1113000000.0", "Dividend per Share": "0.19", "Gross Margin": "0.6858", "EBITDA Margin": "0.461", "EBIT Margin": "0.4434", "Profit Margin": "0.344", "Free Cash Flow margin": "0.2326", "EBITDA": "611000000.0", "EBIT": "587000000.0", "Consolidated Income": "456000000.0", "Earnings Before Tax Margin": "0.4449", "Net Profit Margin": "0.3444"}, {"date": "2012-12-31", "Revenue": "1768000000.0", "Revenue Growth": "0.2566", "Cost of Revenue": "684000000.0", "Gross Profit": "1084000000.0", "R&D Expenses": "220000000.0", "SG&A Expense": "380000000.0", "Operating Expenses": "600000000.0", "Operating Income": "484000000.0", "Interest Expense": "-3000000.0", "Earnings before Tax": "487000000.0", "Income Tax Expense": "133000000.0", "Net Income - Non-Controlling int": "0.0", "Net Income - Discontinued ops": "0.0", "Net Income": "354000000.0", "Preferred Dividends": "0.0", "Net Income Com": "354000000.0", "EPS": "0.31", "EPS Diluted": "0.31", "Weighted Average Shs Out": "1112704853.0", "Weighted Average Shs Out (Dil)": "1109000000.0", "Dividend per Share": "0.0", "Gross Margin": "0.6131", "EBITDA Margin": "0.303", "EBIT Margin": "0.2738", "Profit Margin": "0.2", "Free Cash Flow margin": "0.5368", "EBITDA": "535000000.0", "EBIT": "484000000.0", "Consolidated Income": "354000000.0", "Earnings Before Tax Margin": "0.2755", "Net Profit Margin": "0.2002"}, {"date": "2012-09-30", "Revenue": "841000000.0", "Revenue Growth": "0.1154", "Cost of Revenue": "237000000.0", "Gross Profit": "604000000.0", "R&D Expenses": "125000000.0", "SG&A Expense": "252000000.0", "Operating Expenses": "377000000.0", "Operating Income": "227000000.0", "Interest Expense": "-1000000.0", "Earnings before Tax": "228000000.0", "Income Tax Expense": "2000000.0", "Net Income - Non-Controlling int": "0.0", "Net Income - Discontinued ops": "0.0", "Net Income": "226000000.0", "Preferred Dividends": "0.0", "Net Income Com": "226000000.0", "EPS": "0.2", "EPS Diluted": "0.2", "Weighted Average Shs Out": "1111086287.0", "Weighted Average Shs Out (Dil)": "1109000000.0", "Dividend per Share": "0.0", "Gross Margin": "0.7182", "EBITDA Margin": "0.298", "EBIT Margin": "0.2699", "Profit Margin": "0.269", "Free Cash Flow margin": "0.1237", "EBITDA": "251000000.0", "EBIT": "227000000.0", "Consolidated Income": "226000000.0", "Earnings Before Tax Margin": "0.2711", "Net Profit Margin": "0.2687"}, {"date": "2012-06-30", "Revenue": "1075000000.0", "Revenue Growth": "-0.062", "Cost of Revenue": "377000000.0", "Gross Profit": "698000000.0", "R&D Expenses": "145000000.0", "SG&A Expense": "326000000.0", "Operating Expenses": "471000000.0", "Operating Income": "227000000.0", "Interest Expense": "0.0", "Earnings before Tax": "229000000.0", "Income Tax Expense": "44000000.0", "Net Income - Non-Controlling int": "0.0", "Net Income - Discontinued ops": "0.0", "Net Income": "185000000.0", "Preferred Dividends": "0.0", "Net Income Com": "185000000.0", "EPS": "0.16", "EPS Diluted": "0.16", "Weighted Average Shs Out": "1111710032.0", "Weighted Average Shs Out (Dil)": "1109000000.0", "Dividend per Share": "0.0", "Gross Margin": "0.6493", "EBITDA Margin": "0.233", "EBIT Margin": "0.213", "Profit Margin": "0.172", "Free Cash Flow margin": "0.0698", "EBITDA": "251000000.0", "EBIT": "229000000.0", "Consolidated Income": "185000000.0", "Earnings Before Tax Margin": "0.213", "Net Profit Margin": "0.1721"}, {"date": "2012-03-31", "Revenue": "1172000000.0", "Revenue Growth": "-0.1912", "Cost of Revenue": "364000000.0", "Gross Profit": "808000000.0", "R&D Expenses": "114000000.0", "SG&A Expense": "181000000.0", "Operating Expenses": "295000000.0", "Operating Income": "513000000.0", "Interest Expense": "0.0", "Earnings before Tax": "514000000.0", "Income Tax Expense": "130000000.0", "Net Income - Non-Controlling int": "0.0", "Net Income - Discontinued ops": "0.0", "Net Income": "384000000.0", "Preferred Dividends": "0.0", "Net Income Com": "384000000.0", "EPS": "0.34", "EPS Diluted": "0.33", "Weighted Average Shs Out": "1122866712.0", "Weighted Average Shs Out (Dil)": "1120000000.0", "Dividend per Share": "0.18", "Gross Margin": "0.6894", "EBITDA Margin": "0.458", "EBIT Margin": "0.4386", "Profit Margin": "0.328", "Free Cash Flow margin": "0.1229", "EBITDA": "537000000.0", "EBIT": "514000000.0", "Consolidated Income": "384000000.0", "Earnings Before Tax Margin": "0.4386", "Net Profit Margin": "0.3276"}, {"date": "2011-12-31", "Revenue": "1407000000.0", "Revenue Growth": "-0.0147", "Cost of Revenue": "739000000.0", "Gross Profit": "668000000.0", "R&D Expenses": "239000000.0", "SG&A Expense": "404000000.0", "Operating Expenses": "644000000.0", "Operating Income": "24000000.0", "Interest Expense": "-3000000.0", "Earnings before Tax": "20000000.0", "Income Tax Expense": "-79000000.0", "Net Income - Non-Controlling int": "0.0", "Net Income - Discontinued ops": "0.0", "Net Income": "99000000.0", "Preferred Dividends": "0.0", "Net Income Com": "99000000.0", "EPS": "0.09", "EPS Diluted": "0.08", "Weighted Average Shs Out": "1144219705.0", "Weighted Average Shs Out (Dil)": "1139000000.0", "Dividend per Share": "0.0", "Gross Margin": "0.4748", "EBITDA Margin": "0.063", "EBIT Margin": "0.0121", "Profit Margin": "0.07", "Free Cash Flow margin": "0.5864", "EBITDA": "88000000.0", "EBIT": "17000000.0", "Consolidated Income": "99000000.0", "Earnings Before Tax Margin": "0.0142", "Net Profit Margin": "0.0704"}, {"date": "2011-09-30", "Revenue": "754000000.0", "Revenue Growth": "0.0121", "Cost of Revenue": "237000000.0", "Gross Profit": "517000000.0", "R&D Expenses": "133000000.0", "SG&A Expense": "219000000.0", "Operating Expenses": "355000000.0", "Operating Income": "162000000.0", "Interest Expense": "0.0", "Earnings before Tax": "165000000.0", "Income Tax Expense": "17000000.0", "Net Income - Non-Controlling int": "0.0", "Net Income - Discontinued ops": "0.0", "Net Income": "148000000.0", "Preferred Dividends": "0.0", "Net Income Com": "148000000.0", "EPS": "0.13", "EPS Diluted": "0.13", "Weighted Average Shs Out": "1142815142.0", "Weighted Average Shs Out (Dil)": "1140000000.0", "Dividend per Share": "0.0", "Gross Margin": "0.6857", "EBITDA Margin": "0.252", "EBIT Margin": "0.2188", "Profit Margin": "0.196", "Free Cash Flow margin": "0.0225", "EBITDA": "190000000.0", "EBIT": "165000000.0", "Consolidated Income": "148000000.0", "Earnings Before Tax Margin": "0.2188", "Net Profit Margin": "0.1963"}, {"date": "2011-06-30", "Revenue": "1146000000.0", "Revenue Growth": "0.1851", "Cost of Revenue": "343000000.0", "Gross Profit": "803000000.0", "R&D Expenses": "116000000.0", "SG&A Expense": "217000000.0", "Operating Expenses": "336000000.0", "Operating Income": "467000000.0", "Interest Expense": "0.0", "Earnings before Tax": "469000000.0", "Income Tax Expense": "134000000.0", "Net Income - Non-Controlling int": "0.0", "Net Income - Discontinued ops": "0.0", "Net Income": "335000000.0", "Preferred Dividends": "0.0", "Net Income Com": "335000000.0", "EPS": "0.29", "EPS Diluted": "0.29", "Weighted Average Shs Out": "1144164508.0", "Weighted Average Shs Out (Dil)": "1141000000.0", "Dividend per Share": "0.0", "Gross Margin": "0.7007", "EBITDA Margin": "0.432", "EBIT Margin": "0.4092", "Profit Margin": "0.292", "Free Cash Flow margin": "-0.0803", "EBITDA": "495000000.0", "EBIT": "469000000.0", "Consolidated Income": "335000000.0", "Earnings Before Tax Margin": "0.4092", "Net Profit Margin": "0.2923"}, {"date": "2011-03-31", "Revenue": "1449000000.0", "Revenue Growth": "0.1078", "Cost of Revenue": "452000000.0", "Gross Profit": "997000000.0", "R&D Expenses": "142000000.0", "SG&A Expense": "162000000.0", "Operating Expenses": "323000000.0", "Operating Income": "674000000.0", "Interest Expense": "0.0", "Earnings before Tax": "676000000.0", "Income Tax Expense": "173000000.0", "Net Income - Non-Controlling int": "0.0", "Net Income - Discontinued ops": "0.0", "Net Income": "503000000.0", "Preferred Dividends": "0.0", "Net Income Com": "503000000.0", "EPS": "0.42", "EPS Diluted": "0.42", "Weighted Average Shs Out": "1182249613.0", "Weighted Average Shs Out (Dil)": "1173000000.0", "Dividend per Share": "0.165", "Gross Margin": "0.6881", "EBITDA Margin": "0.484", "EBIT Margin": "0.4665", "Profit Margin": "0.347", "Free Cash Flow margin": "0.0897", "EBITDA": "702000000.0", "EBIT": "676000000.0", "Consolidated Income": "503000000.0", "Earnings Before Tax Margin": "0.4665", "Net Profit Margin": "0.3471"}, {"date": "2010-12-31", "Revenue": "1428000000.0", "Revenue Growth": "-0.0829", "Cost of Revenue": "886000000.0", "Gross Profit": "542000000.0", "R&D Expenses": "265000000.0", "SG&A Expense": "347000000.0", "Operating Expenses": "938000000.0", "Operating Income": "-396000000.0", "Interest Expense": "0.0", "Earnings before Tax": "-388000000.0", "Income Tax Expense": "-155000000.0", "Net Income - Non-Controlling int": "0.0", "Net Income - Discontinued ops": "0.0", "Net Income": "-233000000.0", "Preferred Dividends": "0.0", "Net Income Com": "-233000000.0", "EPS": "-0.19", "EPS Diluted": "-0.19", "Weighted Average Shs Out": "1206030404.0", "Weighted Average Shs Out (Dil)": "1198000000.0", "Dividend per Share": "0.0", "Gross Margin": "0.3796", "EBITDA Margin": "-0.201", "EBIT Margin": "-0.2717", "Profit Margin": "-0.163", "Free Cash Flow margin": "0.6807", "EBITDA": "-287000000.0", "EBIT": "-388000000.0", "Consolidated Income": "-233000000.0", "Earnings Before Tax Margin": "-0.2717", "Net Profit Margin": "-0.1632"}, {"date": "2010-09-30", "Revenue": "745000000.0", "Revenue Growth": "0.0597", "Cost of Revenue": "349000000.0", "Gross Profit": "396000000.0", "R&D Expenses": "118000000.0", "SG&A Expense": "223000000.0", "Operating Expenses": "341000000.0", "Operating Income": "55000000.0", "Interest Expense": "0.0", "Earnings before Tax": "69000000.0", "Income Tax Expense": "18000000.0", "Net Income - Non-Controlling int": "0.0", "Net Income - Discontinued ops": "0.0", "Net Income": "51000000.0", "Preferred Dividends": "0.0", "Net Income Com": "51000000.0", "EPS": "0.04", "EPS Diluted": "0.04", "Weighted Average Shs Out": "1224397305.0", "Weighted Average Shs Out (Dil)": "1212000000.0", "Dividend per Share": "0.0", "Gross Margin": "0.5315", "EBITDA Margin": "0.144", "EBIT Margin": "0.0926", "Profit Margin": "0.068", "Free Cash Flow margin": "0.1946", "EBITDA": "107000000.0", "EBIT": "69000000.0", "Consolidated Income": "51000000.0", "Earnings Before Tax Margin": "0.0926", "Net Profit Margin": "0.0685"}, {"date": "2010-06-30", "Revenue": "967000000.0", "Revenue Growth": "-0.0684", "Cost of Revenue": "368000000.0", "Gross Profit": "599000000.0", "R&D Expenses": "100000000.0", "SG&A Expense": "199000000.0", "Operating Expenses": "299000000.0", "Operating Income": "300000000.0", "Interest Expense": "0.0", "Earnings before Tax": "301000000.0", "Income Tax Expense": "82000000.0", "Net Income - Non-Controlling int": "0.0", "Net Income - Discontinued ops": "0.0", "Net Income": "219000000.0", "Preferred Dividends": "0.0", "Net Income Com": "219000000.0", "EPS": "0.18", "EPS Diluted": "0.17", "Weighted Average Shs Out": "1243905768.0", "Weighted Average Shs Out (Dil)": "1232000000.0", "Dividend per Share": "0.0", "Gross Margin": "0.6194", "EBITDA Margin": "0.338", "EBIT Margin": "0.3113", "Profit Margin": "0.226", "Free Cash Flow margin": "-0.0548", "EBITDA": "327000000.0", "EBIT": "301000000.0", "Consolidated Income": "219000000.0", "Earnings Before Tax Margin": "0.3113", "Net Profit Margin": "0.2265"}, {"date": "2010-03-31", "Revenue": "1308000000.0", "Revenue Growth": "0.3333", "Cost of Revenue": "533000000.0", "Gross Profit": "775000000.0", "R&D Expenses": "143000000.0", "SG&A Expense": "121000000.0", "Operating Expenses": "264000000.0", "Operating Income": "511000000.0", "Interest Expense": "0.0", "Earnings before Tax": "511000000.0", "Income Tax Expense": "130000000.0", "Net Income - Non-Controlling int": "0.0", "Net Income - Discontinued ops": "0.0", "Net Income": "381000000.0", "Preferred Dividends": "0.0", "Net Income Com": "381000000.0", "EPS": "0.3", "EPS Diluted": "0.3", "Weighted Average Shs Out": "1249909250.0", "Weighted Average Shs Out (Dil)": "1248000000.0", "Dividend per Share": "0.15", "Gross Margin": "0.5925", "EBITDA Margin": "0.416", "EBIT Margin": "0.3907", "Profit Margin": "0.291", "Free Cash Flow margin": "0.1644", "EBITDA": "544000000.0", "EBIT": "511000000.0", "Consolidated Income": "381000000.0", "Earnings Before Tax Margin": "0.3907", "Net Profit Margin": "0.2913"}, {"date": "2009-12-31", "Revenue": "1557000000.0", "Revenue Growth": "-0.05", "Cost of Revenue": "1012000000.0", "Gross Profit": "545000000.0", "R&D Expenses": "265000000.0", "SG&A Expense": "309000000.0", "Operating Expenses": "977000000.0", "Operating Income": "-432000000.0", "Interest Expense": "0.0", "Earnings before Tax": "-435000000.0", "Income Tax Expense": "-149000000.0", "Net Income - Non-Controlling int": "0.0", "Net Income - Discontinued ops": "0.0", "Net Income": "-286000000.0", "Preferred Dividends": "0.0", "Net Income Com": "-286000000.0", "EPS": "-0.22", "EPS Diluted": "-0.21", "Weighted Average Shs Out": "1268298995.0", "Weighted Average Shs Out (Dil)": "1265000000.0", "Dividend per Share": "0.0", "Gross Margin": "0.35", "EBITDA Margin": "-0.177", "EBIT Margin": "-0.2794", "Profit Margin": "-0.184", "Free Cash Flow margin": "0.5042", "EBITDA": "-275000000.0", "EBIT": "-435000000.0", "Consolidated Income": "-286000000.0", "Earnings Before Tax Margin": "-0.2794", "Net Profit Margin": "-0.1837"}, {"date": "2009-09-30", "Revenue": "703000000.0", "Revenue Growth": "-0.0113", "Cost of Revenue": "339000000.0", "Gross Profit": "364000000.0", "R&D Expenses": "122000000.0", "SG&A Expense": "234000000.0", "Operating Expenses": "355000000.0", "Operating Income": "9000000.0", "Interest Expense": "0.0", "Earnings before Tax": "20000000.0", "Income Tax Expense": "5000000.0", "Net Income - Non-Controlling int": "0.0", "Net Income - Discontinued ops": "0.0", "Net Income": "15000000.0", "Preferred Dividends": "0.0", "Net Income Com": "15000000.0", "EPS": "0.01", "EPS Diluted": "0.01", "Weighted Average Shs Out": "1271537403.0", "Weighted Average Shs Out (Dil)": "1271000000.0", "Dividend per Share": "0.0", "Gross Margin": "0.5178", "EBITDA Margin": "0.111", "EBIT Margin": "0.0284", "Profit Margin": "0.021", "Free Cash Flow margin": "0.2048", "EBITDA": "78000000.0", "EBIT": "20000000.0", "Consolidated Income": "15000000.0", "Earnings Before Tax Margin": "0.0284", "Net Profit Margin": "0.0213"}, {"date": "2009-06-30", "Revenue": "1038000000.0", "Revenue Growth": "1.9489", "Cost of Revenue": "472000000.0", "Gross Profit": "566000000.0", "R&D Expenses": "123000000.0", "SG&A Expense": "210000000.0", "Operating Expenses": "348000000.0", "Operating Income": "218000000.0", "Interest Expense": "0.0", "Earnings before Tax": "218000000.0", "Income Tax Expense": "23000000.0", "Net Income - Non-Controlling int": "0.0", "Net Income - Discontinued ops": "0.0", "Net Income": "195000000.0", "Preferred Dividends": "0.0", "Net Income Com": "195000000.0", "EPS": "0.15", "EPS Diluted": "0.15", "Weighted Average Shs Out": "1289000000.0", "Weighted Average Shs Out (Dil)": "1332000000.0", "Dividend per Share": "0.0", "Gross Margin": "0.5453", "EBITDA Margin": "0.268", "EBIT Margin": "0.21", "Profit Margin": "0.188", "Free Cash Flow margin": "-0.1272", "EBITDA": "278000000.0", "EBIT": "218000000.0", "Consolidated Income": "195000000.0", "Earnings Before Tax Margin": "0.21", "Net Profit Margin": "0.1879"}], "balance_sheet": [{"date": "2019-09-30", "Cash and cash equivalents": "4939000000.0", "Short-term investments": "0.0", "Cash and short-term investments": "4939000000.0", "Receivables": "386000000.0", "Inventories": "102000000.0", "Total current assets": "6012000000.0", "Property, Plant & Equipment Net": "249000000.0", "Goodwill and Intangible Assets": "10696000000.0", "Long-term investments": "0.0", "Tax assets": "357000000.0", "Total non-current assets": "11793000000.0", "Total assets": "17805000000.0", "Payables": "274000000.0", "Short-term debt": "0.0", "Total current liabilities": "1751000000.0", "Long-term debt": "2674000000.0", "Total debt": "2674000000.0", "Deferred revenue": "695000000.0", "Tax Liabilities": "23000000.0", "Deposit Liabilities": "0.0", "Total non-current liabilities": "3819000000.0", "Total liabilities": "5570000000.0", "Other comprehensive income": "-607000000.0", "Retained earnings (deficit)": "7289000000.0", "Total shareholders equity": "12235000000.0", "Investments": "0.0", "Net Debt": "-2265000000.0", "Other Assets": "585000000.0", "Other Liabilities": "1477000000.0"}, {"date": "2019-06-30", "Cash and cash equivalents": "4592000000.0", "Short-term investments": "0.0", "Cash and short-term investments": "4592000000.0", "Receivables": "455000000.0", "Inventories": "46000000.0", "Total current assets": "5663000000.0", "Property, Plant & Equipment Net": "259000000.0", "Goodwill and Intangible Assets": "10670000000.0", "Long-term investments": "0.0", "Tax assets": "366000000.0", "Total non-current assets": "11832000000.0", "Total assets": "17495000000.0", "Payables": "180000000.0", "Short-term debt": "0.0", "Total current liabilities": "1639000000.0", "Long-term debt": "2673000000.0", "Total debt": "2673000000.0", "Deferred revenue": "728000000.0", "Tax Liabilities": "20000000.0", "Deposit Liabilities": "0.0", "Total non-current liabilities": "3879000000.0", "Total liabilities": "5518000000.0", "Other comprehensive income": "-608000000.0", "Retained earnings (deficit)": "7085000000.0", "Total shareholders equity": "11977000000.0", "Investments": "0.0", "Net Debt": "-1919000000.0", "Other Assets": "570000000.0", "Other Liabilities": "1459000000.0"}, {"date": "2019-03-31", "Cash and cash equivalents": "4696000000.0", "Short-term investments": "0.0", "Cash and short-term investments": "4696000000.0", "Receivables": "594000000.0", "Inventories": "45000000.0", "Total current assets": "6037000000.0", "Property, Plant & Equipment Net": "264000000.0", "Goodwill and Intangible Assets": "10707000000.0", "Long-term investments": "0.0", "Tax assets": "373000000.0", "Total non-current assets": "11911000000.0", "Total assets": "17948000000.0", "Payables": "166000000.0", "Short-term debt": "0.0", "Total current liabilities": "2295000000.0", "Long-term debt": "2672000000.0", "Total debt": "2672000000.0", "Deferred revenue": "931000000.0", "Tax Liabilities": "22000000.0", "Deposit Liabilities": "0.0", "Total non-current liabilities": "4057000000.0", "Total liabilities": "6352000000.0", "Other comprehensive income": "-602000000.0", "Retained earnings (deficit)": "6757000000.0", "Total shareholders equity": "11596000000.0", "Investments": "0.0", "Net Debt": "-2024000000.0", "Other Assets": "702000000.0", "Other Liabilities": "2129000000.0"}, {"date": "2018-12-31", "Cash and cash equivalents": "4225000000.0", "Short-term investments": "0.0", "Cash and short-term investments": "4225000000.0", "Receivables": "1035000000.0", "Inventories": "43000000.0", "Total current assets": "6106000000.0", "Property, Plant & Equipment Net": "282000000.0", "Goodwill and Intangible Assets": "10826000000.0", "Long-term investments": "0.0", "Tax assets": "458000000.0", "Total non-current assets": "11784000000.0", "Total assets": "17890000000.0", "Payables": "253000000.0", "Short-term debt": "0.0", "Total current liabilities": "2642000000.0", "Long-term debt": "2671000000.0", "Total debt": "2671000000.0", "Deferred revenue": "1493000000.0", "Tax Liabilities": "18000000.0", "Deposit Liabilities": "0.0", "Total non-current liabilities": "3856000000.0", "Total liabilities": "6498000000.0", "Other comprehensive income": "-601000000.0", "Retained earnings (deficit)": "6593000000.0", "Total shareholders equity": "11392000000.0", "Investments": "0.0", "Net Debt": "-1554000000.0", "Other Assets": "803000000.0", "Other Liabilities": "2389000000.0"}, {"date": "2018-09-30", "Cash and cash equivalents": "3308000000.0", "Short-term investments": "0.0", "Cash and short-term investments": "3308000000.0", "Receivables": "641000000.0", "Inventories": "174000000.0", "Total current assets": "4972000000.0", "Property, Plant & Equipment Net": "281000000.0", "Goodwill and Intangible Assets": "11111000000.0", "Long-term investments": "0.0", "Tax assets": "243000000.0", "Total non-current assets": "11741000000.0", "Total assets": "16713000000.0", "Payables": "312000000.0", "Short-term debt": "0.0", "Total current liabilities": "2382000000.0", "Long-term debt": "2670000000.0", "Total debt": "2670000000.0", "Deferred revenue": "1017000000.0", "Tax Liabilities": "11000000.0", "Deposit Liabilities": "0.0", "Total non-current liabilities": "3672000000.0", "Total liabilities": "6054000000.0", "Other comprehensive income": "-613000000.0", "Retained earnings (deficit)": "5907000000.0", "Total shareholders equity": "10659000000.0", "Investments": "0.0", "Net Debt": "-638000000.0", "Other Assets": "849000000.0", "Other Liabilities": "2070000000.0"}, {"date": "2018-06-30", "Cash and cash equivalents": "4857000000.0", "Short-term investments": "0.0", "Cash and short-term investments": "4857000000.0", "Receivables": "418000000.0", "Inventories": "36000000.0", "Total current assets": "6134000000.0", "Property, Plant & Equipment Net": "281000000.0", "Goodwill and Intangible Assets": "11124000000.0", "Long-term investments": "0.0", "Tax assets": "324000000.0", "Total non-current assets": "11824000000.0", "Total assets": "17958000000.0", "Payables": "167000000.0", "Short-term debt": "0.0", "Total current liabilities": "2060000000.0", "Long-term debt": "4394000000.0", "Total debt": "4394000000.0", "Deferred revenue": "832000000.0", "Tax Liabilities": "13000000.0", "Deposit Liabilities": "0.0", "Total non-current liabilities": "5552000000.0", "Total liabilities": "7612000000.0", "Other comprehensive income": "-605000000.0", "Retained earnings (deficit)": "5647000000.0", "Total shareholders equity": "10346000000.0", "Investments": "0.0", "Net Debt": "-463000000.0", "Other Assets": "823000000.0", "Other Liabilities": "1893000000.0"}, {"date": "2018-03-31", "Cash and cash equivalents": "5217000000.0", "Short-term investments": "0.0", "Cash and short-term investments": "5217000000.0", "Receivables": "431000000.0", "Inventories": "42000000.0", "Total current assets": "6410000000.0", "Property, Plant & Equipment Net": "286000000.0", "Goodwill and Intangible Assets": "11141000000.0", "Long-term investments": "0.0", "Tax assets": "400000000.0", "Total non-current assets": "11987000000.0", "Total assets": "18397000000.0", "Payables": "172000000.0", "Short-term debt": "0.0", "Total current liabilities": "2927000000.0", "Long-term debt": "4392000000.0", "Total debt": "4392000000.0", "Deferred revenue": "1204000000.0", "Tax Liabilities": "16000000.0", "Deposit Liabilities": "0.0", "Total non-current liabilities": "5651000000.0", "Total liabilities": "8578000000.0", "Other comprehensive income": "-649000000.0", "Retained earnings (deficit)": "5245000000.0", "Total shareholders equity": "9819000000.0", "Investments": "0.0", "Net Debt": "-825000000.0", "Other Assets": "720000000.0", "Other Liabilities": "2755000000.0"}, {"date": "2017-12-31", "Cash and cash equivalents": "4713000000.0", "Short-term investments": "0.0", "Cash and short-term investments": "4713000000.0", "Receivables": "918000000.0", "Inventories": "46000000.0", "Total current assets": "6520000000.0", "Property, Plant & Equipment Net": "294000000.0", "Goodwill and Intangible Assets": "11322000000.0", "Long-term investments": "0.0", "Tax assets": "459000000.0", "Total non-current assets": "12148000000.0", "Total assets": "18668000000.0", "Payables": "323000000.0", "Short-term debt": "0.0", "Total current liabilities": "3663000000.0", "Long-term debt": "4390000000.0", "Total debt": "4390000000.0", "Deferred revenue": "1929000000.0", "Tax Liabilities": "21000000.0", "Deposit Liabilities": "0.0", "Total non-current liabilities": "5543000000.0", "Total liabilities": "9206000000.0", "Other comprehensive income": "-638000000.0", "Retained earnings (deficit)": "4916000000.0", "Total shareholders equity": "9462000000.0", "Investments": "0.0", "Net Debt": "-323000000.0", "Other Assets": "843000000.0", "Other Liabilities": "3340000000.0"}, {"date": "2017-09-30", "Cash and cash equivalents": "3576000000.0", "Short-term investments": "0.0", "Cash and short-term investments": "3576000000.0", "Receivables": "888000000.0", "Inventories": "94000000.0", "Total current assets": "5386000000.0", "Property, Plant & Equipment Net": "254000000.0", "Goodwill and Intangible Assets": "11547000000.0", "Long-term investments": "0.0", "Tax assets": "439000000.0", "Total non-current assets": "12332000000.0", "Total assets": "17718000000.0", "Payables": "313000000.0", "Short-term debt": "0.0", "Total current liabilities": "2389000000.0", "Long-term debt": "4388000000.0", "Total debt": "4388000000.0", "Deferred revenue": "1373000000.0", "Tax Liabilities": "40000000.0", "Deposit Liabilities": "0.0", "Total non-current liabilities": "5362000000.0", "Total liabilities": "7751000000.0", "Other comprehensive income": "-642000000.0", "Retained earnings (deficit)": "5501000000.0", "Total shareholders equity": "9967000000.0", "Investments": "0.0", "Net Debt": "812000000.0", "Other Assets": "828000000.0", "Other Liabilities": "2076000000.0"}, {"date": "2017-06-30", "Cash and cash equivalents": "3278000000.0", "Short-term investments": "0.0", "Cash and short-term investments": "3278000000.0", "Receivables": "360000000.0", "Inventories": "51000000.0", "Total current assets": "4352000000.0", "Property, Plant & Equipment Net": "246000000.0", "Goodwill and Intangible Assets": "11695000000.0", "Long-term investments": "0.0", "Tax assets": "398000000.0", "Total non-current assets": "12456000000.0", "Total assets": "16808000000.0", "Payables": "163000000.0", "Short-term debt": "0.0", "Total current liabilities": "1765000000.0", "Long-term debt": "4387000000.0", "Total debt": "4387000000.0", "Deferred revenue": "940000000.0", "Tax Liabilities": "38000000.0", "Deposit Liabilities": "0.0", "Total non-current liabilities": "5328000000.0", "Total liabilities": "7093000000.0", "Other comprehensive income": "-640000000.0", "Retained earnings (deficit)": "5312000000.0", "Total shareholders equity": "9715000000.0", "Investments": "0.0", "Net Debt": "1109000000.0", "Other Assets": "663000000.0", "Other Liabilities": "1602000000.0"}, {"date": "2017-03-31", "Cash and cash equivalents": "3248000000.0", "Short-term investments": "0.0", "Cash and short-term investments": "3248000000.0", "Receivables": "344000000.0", "Inventories": "48000000.0", "Total current assets": "4356000000.0", "Property, Plant & Equipment Net": "245000000.0", "Goodwill and Intangible Assets": "11880000000.0", "Long-term investments": "0.0", "Tax assets": "371000000.0", "Total non-current assets": "12565000000.0", "Total assets": "16921000000.0", "Payables": "150000000.0", "Short-term debt": "0.0", "Total current liabilities": "2239000000.0", "Long-term debt": "4393000000.0", "Total debt": "4393000000.0", "Deferred revenue": "1153000000.0", "Tax Liabilities": "41000000.0", "Deposit Liabilities": "0.0", "Total non-current liabilities": "5246000000.0", "Total liabilities": "7485000000.0", "Other comprehensive income": "-625000000.0", "Retained earnings (deficit)": "5069000000.0", "Total shareholders equity": "9436000000.0", "Investments": "0.0", "Net Debt": "1145000000.0", "Other Assets": "716000000.0", "Other Liabilities": "2089000000.0"}, {"date": "2016-12-31", "Cash and cash equivalents": "3245000000.0", "Short-term investments": "0.0", "Cash and short-term investments": "3245000000.0", "Receivables": "732000000.0", "Inventories": "49000000.0", "Total current assets": "4830000000.0", "Property, Plant & Equipment Net": "258000000.0", "Goodwill and Intangible Assets": "12092000000.0", "Long-term investments": "0.0", "Tax assets": "283000000.0", "Total non-current assets": "12622000000.0", "Total assets": "17452000000.0", "Payables": "222000000.0", "Short-term debt": "0.0", "Total current liabilities": "2656000000.0", "Long-term debt": "4887000000.0", "Total debt": "4887000000.0", "Deferred revenue": "1628000000.0", "Tax Liabilities": "44000000.0", "Deposit Liabilities": "0.0", "Total non-current liabilities": "5677000000.0", "Total liabilities": "8333000000.0", "Other comprehensive income": "-629000000.0", "Retained earnings (deficit)": "4869000000.0", "Total shareholders equity": "9119000000.0", "Investments": "0.0", "Net Debt": "1642000000.0", "Other Assets": "804000000.0", "Other Liabilities": "2434000000.0"}, {"date": "2016-09-30", "Cash and cash equivalents": "4029000000.0", "Short-term investments": "0.0", "Cash and short-term investments": "4029000000.0", "Receivables": "446000000.0", "Inventories": "131000000.0", "Total current assets": "5334000000.0", "Property, Plant & Equipment Net": "258000000.0", "Goodwill and Intangible Assets": "12335000000.0", "Long-term investments": "0.0", "Tax assets": "485000000.0", "Total non-current assets": "13046000000.0", "Total assets": "18380000000.0", "Payables": "211000000.0", "Short-term debt": "1481000000.0", "Total current liabilities": "3701000000.0", "Long-term debt": "4881000000.0", "Total debt": "6362000000.0", "Deferred revenue": "1320000000.0", "Tax Liabilities": "43000000.0", "Deposit Liabilities": "0.0", "Total non-current liabilities": "5861000000.0", "Total liabilities": "9562000000.0", "Other comprehensive income": "-653000000.0", "Retained earnings (deficit)": "4616000000.0", "Total shareholders equity": "8818000000.0", "Investments": "0.0", "Net Debt": "2333000000.0", "Other Assets": "728000000.0", "Other Liabilities": "2009000000.0"}, {"date": "2016-06-30", "Cash and cash equivalents": "2271000000.0", "Short-term investments": "0.0", "Cash and short-term investments": "2271000000.0", "Receivables": "462000000.0", "Inventories": "94000000.0", "Total current assets": "3420000000.0", "Property, Plant & Equipment Net": "260000000.0", "Goodwill and Intangible Assets": "12489000000.0", "Long-term investments": "0.0", "Tax assets": "405000000.0", "Total non-current assets": "13187000000.0", "Total assets": "16607000000.0", "Payables": "176000000.0", "Short-term debt": "56000000.0", "Total current liabilities": "2191000000.0", "Long-term debt": "4977000000.0", "Total debt": "5033000000.0", "Deferred revenue": "1238000000.0", "Tax Liabilities": "50000000.0", "Deposit Liabilities": "0.0", "Total non-current liabilities": "5862000000.0", "Total liabilities": "8053000000.0", "Other comprehensive income": "-649000000.0", "Retained earnings (deficit)": "4366000000.0", "Total shareholders equity": "8554000000.0", "Investments": "0.0", "Net Debt": "2762000000.0", "Other Assets": "593000000.0", "Other Liabilities": "1959000000.0"}, {"date": "2016-03-31", "Cash and cash equivalents": "2872000000.0", "Short-term investments": "0.0", "Cash and short-term investments": "2872000000.0", "Receivables": "383000000.0", "Inventories": "103000000.0", "Total current assets": "4008000000.0", "Property, Plant & Equipment Net": "246000000.0", "Goodwill and Intangible Assets": "12666000000.0", "Long-term investments": "0.0", "Tax assets": "362000000.0", "Total non-current assets": "13294000000.0", "Total assets": "17302000000.0", "Payables": "150000000.0", "Short-term debt": "64000000.0", "Total current liabilities": "2322000000.0", "Long-term debt": "5777000000.0", "Total debt": "5841000000.0", "Deferred revenue": "1207000000.0", "Tax Liabilities": "57000000.0", "Deposit Liabilities": "0.0", "Total non-current liabilities": "6632000000.0", "Total liabilities": "8954000000.0", "Other comprehensive income": "-643000000.0", "Retained earnings (deficit)": "4239000000.0", "Total shareholders equity": "8348000000.0", "Investments": "0.0", "Net Debt": "2969000000.0", "Other Assets": "650000000.0", "Other Liabilities": "2108000000.0"}, {"date": "2015-12-31", "Cash and cash equivalents": "1823000000.0", "Short-term investments": "0.0", "Cash and short-term investments": "1823000000.0", "Receivables": "679000000.0", "Inventories": "128000000.0", "Total current assets": "3387000000.0", "Property, Plant & Equipment Net": "189000000.0", "Goodwill and Intangible Assets": "7993000000.0", "Long-term investments": "3561000000.0", "Tax assets": "275000000.0", "Total non-current assets": "11859000000.0", "Total assets": "15246000000.0", "Payables": "284000000.0", "Short-term debt": "0.0", "Total current liabilities": "2611000000.0", "Long-term debt": "4074000000.0", "Total debt": "4074000000.0", "Deferred revenue": "1702000000.0", "Tax Liabilities": "10000000.0", "Deposit Liabilities": "0.0", "Total non-current liabilities": "4567000000.0", "Total liabilities": "7178000000.0", "Other comprehensive income": "-633000000.0", "Retained earnings (deficit)": "4096000000.0", "Total shareholders equity": "8068000000.0", "Investments": "3561000000.0", "Net Debt": "2251000000.0", "Other Assets": "757000000.0", "Other Liabilities": "2327000000.0"}, {"date": "2015-09-30", "Cash and cash equivalents": "4365000000.0", "Short-term investments": "154000000.0", "Cash and short-term investments": "4519000000.0", "Receivables": "503000000.0", "Inventories": "238000000.0", "Total current assets": "6309000000.0", "Property, Plant & Equipment Net": "200000000.0", "Goodwill and Intangible Assets": "7982000000.0", "Long-term investments": "9000000.0", "Tax assets": "373000000.0", "Total non-current assets": "7993000000.0", "Total assets": "14302000000.0", "Payables": "309000000.0", "Short-term debt": "0.0", "Total current liabilities": "1610000000.0", "Long-term debt": "4078000000.0", "Total debt": "4078000000.0", "Deferred revenue": "907000000.0", "Tax Liabilities": "110000000.0", "Deposit Liabilities": "0.0", "Total non-current liabilities": "4703000000.0", "Total liabilities": "6313000000.0", "Other comprehensive income": "-544000000.0", "Retained earnings (deficit)": "3937000000.0", "Total shareholders equity": "7989000000.0", "Investments": "163000000.0", "Net Debt": "-441000000.0", "Other Assets": "1049000000.0", "Other Liabilities": "1301000000.0"}, {"date": "2015-06-30", "Cash and cash equivalents": "4416000000.0", "Short-term investments": "105000000.0", "Cash and short-term investments": "4521000000.0", "Receivables": "201000000.0", "Inventories": "117000000.0", "Total current assets": "6051000000.0", "Property, Plant & Equipment Net": "179000000.0", "Goodwill and Intangible Assets": "7987000000.0", "Long-term investments": "9000000.0", "Tax assets": "346000000.0", "Total non-current assets": "7964000000.0", "Total assets": "14015000000.0", "Payables": "198000000.0", "Short-term debt": "0.0", "Total current liabilities": "1545000000.0", "Long-term debt": "4077000000.0", "Total debt": "4077000000.0", "Deferred revenue": "837000000.0", "Tax Liabilities": "126000000.0", "Deposit Liabilities": "0.0", "Total non-current liabilities": "4669000000.0", "Total liabilities": "6214000000.0", "Other comprehensive income": "-545000000.0", "Retained earnings (deficit)": "3810000000.0", "Total shareholders equity": "7801000000.0", "Investments": "114000000.0", "Net Debt": "-444000000.0", "Other Assets": "1212000000.0", "Other Liabilities": "1347000000.0"}, {"date": "2015-03-31", "Cash and cash equivalents": "4465000000.0", "Short-term investments": "5000000.0", "Cash and short-term investments": "4470000000.0", "Receivables": "208000000.0", "Inventories": "102000000.0", "Total current assets": "5863000000.0", "Property, Plant & Equipment Net": "158000000.0", "Goodwill and Intangible Assets": "7972000000.0", "Long-term investments": "9000000.0", "Tax assets": "365000000.0", "Total non-current assets": "7914000000.0", "Total assets": "13777000000.0", "Payables": "123000000.0", "Short-term debt": "0.0", "Total current liabilities": "1899000000.0", "Long-term debt": "4075000000.0", "Total debt": "4075000000.0", "Deferred revenue": "1161000000.0", "Tax Liabilities": "124000000.0", "Deposit Liabilities": "0.0", "Total non-current liabilities": "4640000000.0", "Total liabilities": "6539000000.0", "Other comprehensive income": "-619000000.0", "Retained earnings (deficit)": "3598000000.0", "Total shareholders equity": "7238000000.0", "Investments": "14000000.0", "Net Debt": "-395000000.0", "Other Assets": "1083000000.0", "Other Liabilities": "1776000000.0"}, {"date": "2014-12-31", "Cash and cash equivalents": "4848000000.0", "Short-term investments": "10000000.0", "Cash and short-term investments": "4858000000.0", "Receivables": "659000000.0", "Inventories": "123000000.0", "Total current assets": "6541000000.0", "Property, Plant & Equipment Net": "157000000.0", "Goodwill and Intangible Assets": "8043000000.0", "Long-term investments": "9000000.0", "Tax assets": "264000000.0", "Total non-current assets": "8101000000.0", "Total assets": "14642000000.0", "Payables": "325000000.0", "Short-term debt": "0.0", "Total current liabilities": "2714000000.0", "Long-term debt": "4324000000.0", "Total debt": "4324000000.0", "Deferred revenue": "1797000000.0", "Tax Liabilities": "10000000.0", "Deposit Liabilities": "0.0", "Total non-current liabilities": "4695000000.0", "Total liabilities": "7409000000.0", "Other comprehensive income": "-303000000.0", "Retained earnings (deficit)": "3374000000.0", "Total shareholders equity": "7233000000.0", "Investments": "19000000.0", "Net Debt": "-534000000.0", "Other Assets": "901000000.0", "Other Liabilities": "2389000000.0"}, {"date": "2014-09-30", "Cash and cash equivalents": "3805000000.0", "Short-term investments": "23000000.0", "Cash and short-term investments": "3828000000.0", "Receivables": "689000000.0", "Inventories": "222000000.0", "Total current assets": "5957000000.0", "Property, Plant & Equipment Net": "162000000.0", "Goodwill and Intangible Assets": "8084000000.0", "Long-term investments": "9000000.0", "Tax assets": "394000000.0", "Total non-current assets": "7898000000.0", "Total assets": "13855000000.0", "Payables": "266000000.0", "Short-term debt": "0.0", "Total current liabilities": "2112000000.0", "Long-term debt": "4322000000.0", "Total debt": "4322000000.0", "Deferred revenue": "1305000000.0", "Tax Liabilities": "82000000.0", "Deposit Liabilities": "0.0", "Total non-current liabilities": "4751000000.0", "Total liabilities": "6863000000.0", "Other comprehensive income": "-157000000.0", "Retained earnings (deficit)": "3013000000.0", "Total shareholders equity": "6992000000.0", "Investments": "32000000.0", "Net Debt": "494000000.0", "Other Assets": "1218000000.0", "Other Liabilities": "1846000000.0"}, {"date": "2014-06-30", "Cash and cash equivalents": "4199000000.0", "Short-term investments": "5000000.0", "Cash and short-term investments": "4204000000.0", "Receivables": "107000000.0", "Inventories": "151000000.0", "Total current assets": "5474000000.0", "Property, Plant & Equipment Net": "162000000.0", "Goodwill and Intangible Assets": "8023000000.0", "Long-term investments": "9000000.0", "Tax assets": "359000000.0", "Total non-current assets": "7886000000.0", "Total assets": "13360000000.0", "Payables": "167000000.0", "Short-term debt": "0.0", "Total current liabilities": "1443000000.0", "Long-term debt": "4321000000.0", "Total debt": "4321000000.0", "Deferred revenue": "769000000.0", "Tax Liabilities": "82000000.0", "Deposit Liabilities": "0.0", "Total non-current liabilities": "4746000000.0", "Total liabilities": "6189000000.0", "Other comprehensive income": "44000000.0", "Retained earnings (deficit)": "3036000000.0", "Total shareholders equity": "7171000000.0", "Investments": "14000000.0", "Net Debt": "117000000.0", "Other Assets": "1012000000.0", "Other Liabilities": "1276000000.0"}, {"date": "2014-03-31", "Cash and cash equivalents": "4279000000.0", "Short-term investments": "8000000.0", "Cash and short-term investments": "4287000000.0", "Receivables": "219000000.0", "Inventories": "158000000.0", "Total current assets": "5694000000.0", "Property, Plant & Equipment Net": "152000000.0", "Goodwill and Intangible Assets": "7980000000.0", "Long-term investments": "9000000.0", "Tax assets": "336000000.0", "Total non-current assets": "7834000000.0", "Total assets": "13528000000.0", "Payables": "166000000.0", "Short-term debt": "0.0", "Total current liabilities": "1893000000.0", "Long-term debt": "4320000000.0", "Total debt": "4320000000.0", "Deferred revenue": "1092000000.0", "Tax Liabilities": "86000000.0", "Deposit Liabilities": "0.0", "Total non-current liabilities": "4711000000.0", "Total liabilities": "6604000000.0", "Other comprehensive income": "63000000.0", "Retained earnings (deficit)": "2832000000.0", "Total shareholders equity": "6924000000.0", "Investments": "17000000.0", "Net Debt": "33000000.0", "Other Assets": "1030000000.0", "Other Liabilities": "1727000000.0"}, {"date": "2013-12-31", "Cash and cash equivalents": "4410000000.0", "Short-term investments": "33000000.0", "Cash and short-term investments": "4443000000.0", "Receivables": "510000000.0", "Inventories": "171000000.0", "Total current assets": "6241000000.0", "Property, Plant & Equipment Net": "138000000.0", "Goodwill and Intangible Assets": "7967000000.0", "Long-term investments": "9000000.0", "Tax assets": "321000000.0", "Total non-current assets": "7771000000.0", "Total assets": "14012000000.0", "Payables": "355000000.0", "Short-term debt": "25000000.0", "Total current liabilities": "2405000000.0", "Long-term debt": "4668000000.0", "Total debt": "4693000000.0", "Deferred revenue": "1389000000.0", "Tax Liabilities": "66000000.0", "Deposit Liabilities": "0.0", "Total non-current liabilities": "4985000000.0", "Total liabilities": "7390000000.0", "Other comprehensive income": "68000000.0", "Retained earnings (deficit)": "2686000000.0", "Total shareholders equity": "6622000000.0", "Investments": "42000000.0", "Net Debt": "250000000.0", "Other Assets": "1117000000.0", "Other Liabilities": "2025000000.0"}, {"date": "2013-09-30", "Cash and cash equivalents": "4444000000.0", "Short-term investments": "2377000000.0", "Cash and short-term investments": "6821000000.0", "Receivables": "205000000.0", "Inventories": "313000000.0", "Total current assets": "8251000000.0", "Property, Plant & Equipment Net": "139000000.0", "Goodwill and Intangible Assets": "8002000000.0", "Long-term investments": "9000000.0", "Tax assets": "341000000.0", "Total non-current assets": "7809000000.0", "Total assets": "16060000000.0", "Payables": "286000000.0", "Short-term debt": "0.0", "Total current liabilities": "1433000000.0", "Long-term debt": "2211000000.0", "Total debt": "2211000000.0", "Deferred revenue": "641000000.0", "Tax Liabilities": "71000000.0", "Deposit Liabilities": "0.0", "Total non-current liabilities": "2488000000.0", "Total liabilities": "3921000000.0", "Other comprehensive income": "18000000.0", "Retained earnings (deficit)": "2513000000.0", "Total shareholders equity": "12139000000.0", "Investments": "2386000000.0", "Net Debt": "-4610000000.0", "Other Assets": "912000000.0", "Other Liabilities": "1147000000.0"}, {"date": "2013-06-30", "Cash and cash equivalents": "4341000000.0", "Short-term investments": "205000000.0", "Cash and short-term investments": "4546000000.0", "Receivables": "117000000.0", "Inventories": "131000000.0", "Total current assets": "5629000000.0", "Property, Plant & Equipment Net": "132000000.0", "Goodwill and Intangible Assets": "7946000000.0", "Long-term investments": "9000000.0", "Tax assets": "335000000.0", "Total non-current assets": "7782000000.0", "Total assets": "13411000000.0", "Payables": "139000000.0", "Short-term debt": "0.0", "Total current liabilities": "1193000000.0", "Long-term debt": "0.0", "Total debt": "0.0", "Deferred revenue": "665000000.0", "Tax Liabilities": "77000000.0", "Deposit Liabilities": "0.0", "Total non-current liabilities": "283000000.0", "Total liabilities": "1476000000.0", "Other comprehensive income": "-62000000.0", "Retained earnings (deficit)": "2456000000.0", "Total shareholders equity": "11935000000.0", "Investments": "214000000.0", "Net Debt": "-4546000000.0", "Other Assets": "835000000.0", "Other Liabilities": "1054000000.0"}, {"date": "2013-03-31", "Cash and cash equivalents": "4299000000.0", "Short-term investments": "319000000.0", "Cash and short-term investments": "4618000000.0", "Receivables": "237000000.0", "Inventories": "159000000.0", "Total current assets": "5803000000.0", "Property, Plant & Equipment Net": "133000000.0", "Goodwill and Intangible Assets": "7924000000.0", "Long-term investments": "9000000.0", "Tax assets": "409000000.0", "Total non-current assets": "7922000000.0", "Total assets": "13725000000.0", "Payables": "186000000.0", "Short-term debt": "0.0", "Total current liabilities": "1899000000.0", "Long-term debt": "0.0", "Total debt": "0.0", "Deferred revenue": "1125000000.0", "Tax Liabilities": "83000000.0", "Deposit Liabilities": "0.0", "Total non-current liabilities": "291000000.0", "Total liabilities": "2190000000.0", "Other comprehensive income": "-95000000.0", "Retained earnings (deficit)": "2132000000.0", "Total shareholders equity": "11535000000.0", "Investments": "328000000.0", "Net Debt": "-4618000000.0", "Other Assets": "789000000.0", "Other Liabilities": "1713000000.0"}, {"date": "2012-12-31", "Cash and cash equivalents": "3959000000.0", "Short-term investments": "416000000.0", "Cash and short-term investments": "4375000000.0", "Receivables": "707000000.0", "Inventories": "209000000.0", "Total current assets": "6274000000.0", "Property, Plant & Equipment Net": "141000000.0", "Goodwill and Intangible Assets": "7941000000.0", "Long-term investments": "8000000.0", "Tax assets": "487000000.0", "Total non-current assets": "7926000000.0", "Total assets": "14200000000.0", "Payables": "343000000.0", "Short-term debt": "0.0", "Total current liabilities": "2652000000.0", "Long-term debt": "0.0", "Total debt": "0.0", "Deferred revenue": "1657000000.0", "Tax Liabilities": "25000000.0", "Deposit Liabilities": "0.0", "Total non-current liabilities": "231000000.0", "Total liabilities": "2883000000.0", "Other comprehensive income": "-26000000.0", "Retained earnings (deficit)": "1893000000.0", "Total shareholders equity": "11317000000.0", "Investments": "424000000.0", "Net Debt": "-4375000000.0", "Other Assets": "983000000.0", "Other Liabilities": "2309000000.0"}, {"date": "2012-09-30", "Cash and cash equivalents": "2909000000.0", "Short-term investments": "455000000.0", "Cash and short-term investments": "3364000000.0", "Receivables": "200000000.0", "Inventories": "291000000.0", "Total current assets": "4702000000.0", "Property, Plant & Equipment Net": "148000000.0", "Goodwill and Intangible Assets": "7957000000.0", "Long-term investments": "19000000.0", "Tax assets": "497000000.0", "Total non-current assets": "7959000000.0", "Total assets": "12661000000.0", "Payables": "253000000.0", "Short-term debt": "0.0", "Total current liabilities": "1555000000.0", "Long-term debt": "0.0", "Total debt": "0.0", "Deferred revenue": "847000000.0", "Tax Liabilities": "60000000.0", "Deposit Liabilities": "0.0", "Total non-current liabilities": "223000000.0", "Total liabilities": "1778000000.0", "Other comprehensive income": "-74000000.0", "Retained earnings (deficit)": "1539000000.0", "Total shareholders equity": "10883000000.0", "Investments": "474000000.0", "Net Debt": "-3364000000.0", "Other Assets": "847000000.0", "Other Liabilities": "1302000000.0"}, {"date": "2012-06-30", "Cash and cash equivalents": "2786000000.0", "Short-term investments": "406000000.0", "Cash and short-term investments": "3192000000.0", "Receivables": "227000000.0", "Inventories": "128000000.0", "Total current assets": "4332000000.0", "Property, Plant & Equipment Net": "149000000.0", "Goodwill and Intangible Assets": "7908000000.0", "Long-term investments": "17000000.0", "Tax assets": "484000000.0", "Total non-current assets": "7937000000.0", "Total assets": "12269000000.0", "Payables": "163000000.0", "Short-term debt": "0.0", "Total current liabilities": "1484000000.0", "Long-term debt": "0.0", "Total debt": "0.0", "Deferred revenue": "905000000.0", "Tax Liabilities": "61000000.0", "Deposit Liabilities": "0.0", "Total non-current liabilities": "221000000.0", "Total liabilities": "1705000000.0", "Other comprehensive income": "-124000000.0", "Retained earnings (deficit)": "1313000000.0", "Total shareholders equity": "10564000000.0", "Investments": "423000000.0", "Net Debt": "-3192000000.0", "Other Assets": "785000000.0", "Other Liabilities": "1321000000.0"}, {"date": "2012-03-31", "Cash and cash equivalents": "3049000000.0", "Short-term investments": "427000000.0", "Cash and short-term investments": "3476000000.0", "Receivables": "103000000.0", "Inventories": "146000000.0", "Total current assets": "4566000000.0", "Property, Plant & Equipment Net": "154000000.0", "Goodwill and Intangible Assets": "7900000000.0", "Long-term investments": "17000000.0", "Tax assets": "445000000.0", "Total non-current assets": "7916000000.0", "Total assets": "12482000000.0", "Payables": "181000000.0", "Short-term debt": "0.0", "Total current liabilities": "1774000000.0", "Long-term debt": "0.0", "Total debt": "0.0", "Deferred revenue": "917000000.0", "Tax Liabilities": "57000000.0", "Deposit Liabilities": "0.0", "Total non-current liabilities": "222000000.0", "Total liabilities": "1996000000.0", "Other comprehensive income": "-33000000.0", "Retained earnings (deficit)": "1128000000.0", "Total shareholders equity": "10486000000.0", "Investments": "444000000.0", "Net Debt": "-3476000000.0", "Other Assets": "841000000.0", "Other Liabilities": "1593000000.0"}, {"date": "2011-12-31", "Cash and cash equivalents": "3165000000.0", "Short-term investments": "360000000.0", "Cash and short-term investments": "3525000000.0", "Receivables": "649000000.0", "Inventories": "144000000.0", "Total current assets": "5380000000.0", "Property, Plant & Equipment Net": "163000000.0", "Goodwill and Intangible Assets": "7865000000.0", "Long-term investments": "16000000.0", "Tax assets": "507000000.0", "Total non-current assets": "7897000000.0", "Total assets": "13277000000.0", "Payables": "390000000.0", "Short-term debt": "0.0", "Total current liabilities": "2556000000.0", "Long-term debt": "0.0", "Total debt": "0.0", "Deferred revenue": "1472000000.0", "Tax Liabilities": "55000000.0", "Deposit Liabilities": "0.0", "Total non-current liabilities": "229000000.0", "Total liabilities": "2785000000.0", "Other comprehensive income": "-72000000.0", "Retained earnings (deficit)": "948000000.0", "Total shareholders equity": "10492000000.0", "Investments": "376000000.0", "Net Debt": "-3525000000.0", "Other Assets": "1062000000.0", "Other Liabilities": "2166000000.0"}, {"date": "2011-09-30", "Cash and cash equivalents": "2469000000.0", "Short-term investments": "432000000.0", "Cash and short-term investments": "2901000000.0", "Receivables": "139000000.0", "Inventories": "207000000.0", "Total current assets": "4082000000.0", "Property, Plant & Equipment Net": "167000000.0", "Goodwill and Intangible Assets": "8016000000.0", "Long-term investments": "25000000.0", "Tax assets": "507000000.0", "Total non-current assets": "8031000000.0", "Total assets": "12113000000.0", "Payables": "250000000.0", "Short-term debt": "0.0", "Total current liabilities": "1279000000.0", "Long-term debt": "0.0", "Total debt": "0.0", "Deferred revenue": "487000000.0", "Tax Liabilities": "95000000.0", "Deposit Liabilities": "0.0", "Total non-current liabilities": "263000000.0", "Total liabilities": "1542000000.0", "Other comprehensive income": "-29000000.0", "Retained earnings (deficit)": "849000000.0", "Total shareholders equity": "10571000000.0", "Investments": "457000000.0", "Net Debt": "-2901000000.0", "Other Assets": "835000000.0", "Other Liabilities": "1029000000.0"}, {"date": "2011-06-30", "Cash and cash equivalents": "2334000000.0", "Short-term investments": "610000000.0", "Cash and short-term investments": "2944000000.0", "Receivables": "140000000.0", "Inventories": "93000000.0", "Total current assets": "3954000000.0", "Property, Plant & Equipment Net": "163000000.0", "Goodwill and Intangible Assets": "7982000000.0", "Long-term investments": "25000000.0", "Tax assets": "511000000.0", "Total non-current assets": "8018000000.0", "Total assets": "11972000000.0", "Payables": "156000000.0", "Short-term debt": "0.0", "Total current liabilities": "1246000000.0", "Long-term debt": "0.0", "Total debt": "0.0", "Deferred revenue": "601000000.0", "Tax Liabilities": "97000000.0", "Deposit Liabilities": "0.0", "Total non-current liabilities": "261000000.0", "Total liabilities": "1507000000.0", "Other comprehensive income": "29000000.0", "Retained earnings (deficit)": "701000000.0", "Total shareholders equity": "10465000000.0", "Investments": "635000000.0", "Net Debt": "-2944000000.0", "Other Assets": "777000000.0", "Other Liabilities": "1090000000.0"}, {"date": "2011-03-31", "Cash and cash equivalents": "2658000000.0", "Short-term investments": "701000000.0", "Cash and short-term investments": "3359000000.0", "Receivables": "95000000.0", "Inventories": "103000000.0", "Total current assets": "4349000000.0", "Property, Plant & Equipment Net": "165000000.0", "Goodwill and Intangible Assets": "7974000000.0", "Long-term investments": "25000000.0", "Tax assets": "464000000.0", "Total non-current assets": "8028000000.0", "Total assets": "12377000000.0", "Payables": "172000000.0", "Short-term debt": "0.0", "Total current liabilities": "1891000000.0", "Long-term debt": "0.0", "Total debt": "0.0", "Deferred revenue": "1043000000.0", "Tax Liabilities": "83000000.0", "Deposit Liabilities": "0.0", "Total non-current liabilities": "249000000.0", "Total liabilities": "2140000000.0", "Other comprehensive income": "26000000.0", "Retained earnings (deficit)": "366000000.0", "Total shareholders equity": "10237000000.0", "Investments": "726000000.0", "Net Debt": "-3359000000.0", "Other Assets": "792000000.0", "Other Liabilities": "1719000000.0"}, {"date": "2010-12-31", "Cash and cash equivalents": "2812000000.0", "Short-term investments": "696000000.0", "Cash and short-term investments": "3508000000.0", "Receivables": "673000000.0", "Inventories": "112000000.0", "Total current assets": "5432000000.0", "Property, Plant & Equipment Net": "169000000.0", "Goodwill and Intangible Assets": "8000000000.0", "Long-term investments": "23000000.0", "Tax assets": "648000000.0", "Total non-current assets": "8015000000.0", "Total assets": "13447000000.0", "Payables": "363000000.0", "Short-term debt": "0.0", "Total current liabilities": "2960000000.0", "Long-term debt": "0.0", "Total debt": "0.0", "Deferred revenue": "1726000000.0", "Tax Liabilities": "120000000.0", "Deposit Liabilities": "0.0", "Total non-current liabilities": "284000000.0", "Total liabilities": "3244000000.0", "Other comprehensive income": "-13000000.0", "Retained earnings (deficit)": "57000000.0", "Total shareholders equity": "10203000000.0", "Investments": "719000000.0", "Net Debt": "-3508000000.0", "Other Assets": "1139000000.0", "Other Liabilities": "2597000000.0"}, {"date": "2010-09-30", "Cash and cash equivalents": "2123000000.0", "Short-term investments": "726000000.0", "Cash and short-term investments": "2849000000.0", "Receivables": "246000000.0", "Inventories": "258000000.0", "Total current assets": "4148000000.0", "Property, Plant & Equipment Net": "169000000.0", "Goodwill and Intangible Assets": "8490000000.0", "Long-term investments": "23000000.0", "Tax assets": "419000000.0", "Total non-current assets": "8422000000.0", "Total assets": "12570000000.0", "Payables": "238000000.0", "Short-term debt": "0.0", "Total current liabilities": "1393000000.0", "Long-term debt": "0.0", "Total debt": "0.0", "Deferred revenue": "622000000.0", "Tax Liabilities": "231000000.0", "Deposit Liabilities": "0.0", "Total non-current liabilities": "431000000.0", "Total liabilities": "1824000000.0", "Other comprehensive income": "-9000000.0", "Retained earnings (deficit)": "290000000.0", "Total shareholders equity": "10746000000.0", "Investments": "749000000.0", "Net Debt": "-2849000000.0", "Other Assets": "795000000.0", "Other Liabilities": "1155000000.0"}, {"date": "2010-06-30", "Cash and cash equivalents": "2214000000.0", "Short-term investments": "632000000.0", "Cash and short-term investments": "2846000000.0", "Receivables": "190000000.0", "Inventories": "157000000.0", "Total current assets": "3968000000.0", "Property, Plant & Equipment Net": "160000000.0", "Goodwill and Intangible Assets": "8475000000.0", "Long-term investments": "23000000.0", "Tax assets": "401000000.0", "Total non-current assets": "8425000000.0", "Total assets": "12393000000.0", "Payables": "149000000.0", "Short-term debt": "0.0", "Total current liabilities": "1090000000.0", "Long-term debt": "0.0", "Total debt": "0.0", "Deferred revenue": "482000000.0", "Tax Liabilities": "249000000.0", "Deposit Liabilities": "0.0", "Total non-current liabilities": "445000000.0", "Total liabilities": "1535000000.0", "Other comprehensive income": "-57000000.0", "Retained earnings (deficit)": "239000000.0", "Total shareholders equity": "10858000000.0", "Investments": "655000000.0", "Net Debt": "-2846000000.0", "Other Assets": "775000000.0", "Other Liabilities": "941000000.0"}, {"date": "2010-03-31", "Cash and cash equivalents": "2695000000.0", "Short-term investments": "647000000.0", "Cash and short-term investments": "3342000000.0", "Receivables": "134000000.0", "Inventories": "194000000.0", "Total current assets": "4486000000.0", "Property, Plant & Equipment Net": "131000000.0", "Goodwill and Intangible Assets": "8472000000.0", "Long-term investments": "23000000.0", "Tax assets": "395000000.0", "Total non-current assets": "8380000000.0", "Total assets": "12866000000.0", "Payables": "147000000.0", "Short-term debt": "0.0", "Total current liabilities": "1542000000.0", "Long-term debt": "0.0", "Total debt": "0.0", "Deferred revenue": "772000000.0", "Tax Liabilities": "254000000.0", "Deposit Liabilities": "0.0", "Total non-current liabilities": "456000000.0", "Total liabilities": "1998000000.0", "Other comprehensive income": "-44000000.0", "Retained earnings (deficit)": "20000000.0", "Total shareholders equity": "10868000000.0", "Investments": "670000000.0", "Net Debt": "-3342000000.0", "Other Assets": "816000000.0", "Other Liabilities": "1395000000.0"}, {"date": "2009-12-31", "Cash and cash equivalents": "2768000000.0", "Short-term investments": "477000000.0", "Cash and short-term investments": "3245000000.0", "Receivables": "739000000.0", "Inventories": "241000000.0", "Total current assets": "5329000000.0", "Property, Plant & Equipment Net": "138000000.0", "Goodwill and Intangible Assets": "8522000000.0", "Long-term investments": "23000000.0", "Tax assets": "498000000.0", "Total non-current assets": "8413000000.0", "Total assets": "13742000000.0", "Payables": "302000000.0", "Short-term debt": "0.0", "Total current liabilities": "2507000000.0", "Long-term debt": "0.0", "Total debt": "0.0", "Deferred revenue": "1426000000.0", "Tax Liabilities": "270000000.0", "Deposit Liabilities": "0.0", "Total non-current liabilities": "479000000.0", "Total liabilities": "2986000000.0", "Other comprehensive income": "-24000000.0", "Retained earnings (deficit)": "-361000000.0", "Total shareholders equity": "10756000000.0", "Investments": "500000000.0", "Net Debt": "-3245000000.0", "Other Assets": "1104000000.0", "Other Liabilities": "2205000000.0"}, {"date": "2009-09-30", "Cash and cash equivalents": "2360000000.0", "Short-term investments": "361000000.0", "Cash and short-term investments": "2721000000.0", "Receivables": "228000000.0", "Inventories": "351000000.0", "Total current assets": "8944000000.0", "Property, Plant & Equipment Net": "133000000.0", "Goodwill and Intangible Assets": "9096000000.0", "Long-term investments": "22000000.0", "Tax assets": "727000000.0", "Total non-current assets": "875000000.0", "Total assets": "13452000000.0", "Payables": "282000000.0", "Short-term debt": "0.0", "Total current liabilities": "1285000000.0", "Long-term debt": "0.0", "Total debt": "0.0", "Deferred revenue": "471000000.0", "Tax Liabilities": "685000000.0", "Deposit Liabilities": "0.0", "Total non-current liabilities": "875000000.0", "Total liabilities": "2160000000.0", "Other comprehensive income": "-5000000.0", "Retained earnings (deficit)": "-75000000.0", "Total shareholders equity": "11292000000.0", "Investments": "383000000.0", "Net Debt": "-2721000000.0", "Other Assets": "1208000000.0", "Other Liabilities": "1003000000.0"}, {"date": "2009-06-30", "Cash and cash equivalents": "2728000000.0", "Short-term investments": "102000000.0", "Cash and short-term investments": "2830000000.0", "Receivables": "282000000.0", "Inventories": "198000000.0", "Total current assets": "9009000000.0", "Property, Plant & Equipment Net": "134000000.0", "Goodwill and Intangible Assets": "9120000000.0", "Long-term investments": "23000000.0", "Tax assets": "792000000.0", "Total non-current assets": "897000000.0", "Total assets": "13519000000.0", "Payables": "135000000.0", "Short-term debt": "0.0", "Total current liabilities": "1091000000.0", "Long-term debt": "0.0", "Total debt": "0.0", "Deferred revenue": "423000000.0", "Tax Liabilities": "699000000.0", "Deposit Liabilities": "0.0", "Total non-current liabilities": "897000000.0", "Total liabilities": "1988000000.0", "Other comprehensive income": "-14000000.0", "Retained earnings (deficit)": "-90000000.0", "Total shareholders equity": "11531000000.0", "Investments": "125000000.0", "Net Debt": "-2830000000.0", "Other Assets": "1200000000.0", "Other Liabilities": "956000000.0"}], "cash_flow": [{"date": "2019-09-30", "Depreciation & Amortization": "95000000.0", "Stock-based compensation": "27000000.0", "Operating Cash Flow": "309000000.0", "Capital Expenditure": "-34000000.0", "Acquisitions and disposals": "0.0", "Investment purchases and sales": "78000000.0", "Investing Cash flow": "42000000.0", "Issuance (repayment) of debt": "0.0", "Issuance (buybacks) of shares": "30000000.0", "Dividend payments": "0.0", "Financing Cash Flow": "23000000.0", "Effect of forex changes on cash": "-27000000.0", "Net cash flow / Change in cash": "347000000.0", "Free Cash Flow": "275000000.0", "Net Cash/Marketcap": "0.0558"}, {"date": "2019-06-30", "Depreciation & Amortization": "113000000.0", "Stock-based compensation": "37000000.0", "Operating Cash Flow": "154000000.0", "Capital Expenditure": "-27000000.0", "Acquisitions and disposals": "0.0", "Investment purchases and sales": "62000000.0", "Investing Cash flow": "42000000.0", "Issuance (repayment) of debt": "0.0", "Issuance (buybacks) of shares": "27000000.0", "Dividend payments": "-283000000.0", "Financing Cash Flow": "-298000000.0", "Effect of forex changes on cash": "1000000.0", "Net cash flow / Change in cash": "-101000000.0", "Free Cash Flow": "127000000.0", "Net Cash/Marketcap": "0.0527"}, {"date": "2019-03-31", "Depreciation & Amortization": "87000000.0", "Stock-based compensation": "63000000.0", "Operating Cash Flow": "450000000.0", "Capital Expenditure": "-18000000.0", "Acquisitions and disposals": "0.0", "Investment purchases and sales": "13000000.0", "Investing Cash flow": "-5000000.0", "Issuance (repayment) of debt": "0.0", "Issuance (buybacks) of shares": "30000000.0", "Dividend payments": "0.0", "Financing Cash Flow": "24000000.0", "Effect of forex changes on cash": "2000000.0", "Net cash flow / Change in cash": "471000000.0", "Free Cash Flow": "432000000.0", "Net Cash/Marketcap": "0.0562"}, {"date": "2018-12-31", "Depreciation & Amortization": "124000000.0", "Stock-based compensation": "45000000.0", "Operating Cash Flow": "999000000.0", "Capital Expenditure": "-34000000.0", "Acquisitions and disposals": "0.0", "Investment purchases and sales": "-34000000.0", "Investing Cash flow": "-70000000.0", "Issuance (repayment) of debt": "0.0", "Issuance (buybacks) of shares": "8000000.0", "Dividend payments": "0.0", "Financing Cash Flow": "0.0", "Effect of forex changes on cash": "-16000000.0", "Net cash flow / Change in cash": "913000000.0", "Free Cash Flow": "965000000.0", "Net Cash/Marketcap": "0.0437"}, {"date": "2018-09-30", "Depreciation & Amortization": "118000000.0", "Stock-based compensation": "54000000.0", "Operating Cash Flow": "253000000.0", "Capital Expenditure": "-36000000.0", "Acquisitions and disposals": "0.0", "Investment purchases and sales": "0.0", "Investing Cash flow": "-36000000.0", "Issuance (repayment) of debt": "-1740000000.0", "Issuance (buybacks) of shares": "14000000.0", "Dividend payments": "0.0", "Financing Cash Flow": "-1770000000.0", "Effect of forex changes on cash": "4000000.0", "Net cash flow / Change in cash": "-1549000000.0", "Free Cash Flow": "217000000.0", "Net Cash/Marketcap": "0.0437"}, {"date": "2018-06-30", "Depreciation & Amortization": "112000000.0", "Stock-based compensation": "56000000.0", "Operating Cash Flow": "9000000.0", "Capital Expenditure": "-30000000.0", "Acquisitions and disposals": "0.0", "Investment purchases and sales": "-39000000.0", "Investing Cash flow": "-73000000.0", "Issuance (repayment) of debt": "0.0", "Issuance (buybacks) of shares": "30000000.0", "Dividend payments": "-259000000.0", "Financing Cash Flow": "-258000000.0", "Effect of forex changes on cash": "-37000000.0", "Net cash flow / Change in cash": "-359000000.0", "Free Cash Flow": "-21000000.0", "Net Cash/Marketcap": "0.0437"}, {"date": "2018-03-31", "Depreciation & Amortization": "155000000.0", "Stock-based compensation": "54000000.0", "Operating Cash Flow": "529000000.0", "Capital Expenditure": "-31000000.0", "Acquisitions and disposals": "0.0", "Investment purchases and sales": "-20000000.0", "Investing Cash flow": "-51000000.0", "Issuance (repayment) of debt": "0.0", "Issuance (buybacks) of shares": "47000000.0", "Dividend payments": "0.0", "Financing Cash Flow": "8000000.0", "Effect of forex changes on cash": "18000000.0", "Net cash flow / Change in cash": "504000000.0", "Free Cash Flow": "498000000.0", "Net Cash/Marketcap": "0.0437"}, {"date": "2017-12-31", "Depreciation & Amortization": "218000000.0", "Stock-based compensation": "58000000.0", "Operating Cash Flow": "1158000000.0", "Capital Expenditure": "-69000000.0", "Acquisitions and disposals": "0.0", "Investment purchases and sales": "25000000.0", "Investing Cash flow": "-44000000.0", "Issuance (repayment) of debt": "0.0", "Issuance (buybacks) of shares": "28000000.0", "Dividend payments": "0.0", "Financing Cash Flow": "16000000.0", "Effect of forex changes on cash": "4000000.0", "Net cash flow / Change in cash": "1134000000.0", "Free Cash Flow": "1089000000.0", "Net Cash/Marketcap": "0.0066"}, {"date": "2017-09-30", "Depreciation & Amortization": "220000000.0", "Stock-based compensation": "47000000.0", "Operating Cash Flow": "379000000.0", "Capital Expenditure": "-34000000.0", "Acquisitions and disposals": "0.0", "Investment purchases and sales": "-80000000.0", "Investing Cash flow": "-115000000.0", "Issuance (repayment) of debt": "0.0", "Issuance (buybacks) of shares": "20000000.0", "Dividend payments": "0.0", "Financing Cash Flow": "12000000.0", "Effect of forex changes on cash": "22000000.0", "Net cash flow / Change in cash": "298000000.0", "Free Cash Flow": "345000000.0", "Net Cash/Marketcap": "0.0066"}, {"date": "2017-06-30", "Depreciation & Amortization": "226000000.0", "Stock-based compensation": "38000000.0", "Operating Cash Flow": "265000000.0", "Capital Expenditure": "-31000000.0", "Acquisitions and disposals": "0.0", "Investment purchases and sales": "0.0", "Investing Cash flow": "-21000000.0", "Issuance (repayment) of debt": "-10000000.0", "Issuance (buybacks) of shares": "21000000.0", "Dividend payments": "-226000000.0", "Financing Cash Flow": "-248000000.0", "Effect of forex changes on cash": "31000000.0", "Net cash flow / Change in cash": "27000000.0", "Free Cash Flow": "234000000.0", "Net Cash/Marketcap": "0.0066"}, {"date": "2017-03-31", "Depreciation & Amortization": "224000000.0", "Stock-based compensation": "33000000.0", "Operating Cash Flow": "411000000.0", "Capital Expenditure": "-21000000.0", "Acquisitions and disposals": "0.0", "Investment purchases and sales": "0.0", "Investing Cash flow": "-27000000.0", "Issuance (repayment) of debt": "-500000000.0", "Issuance (buybacks) of shares": "109000000.0", "Dividend payments": "0.0", "Financing Cash Flow": "-404000000.0", "Effect of forex changes on cash": "19000000.0", "Net cash flow / Change in cash": "-1000000.0", "Free Cash Flow": "390000000.0", "Net Cash/Marketcap": "0.0066"}, {"date": "2016-12-31", "Depreciation & Amortization": "245000000.0", "Stock-based compensation": "40000000.0", "Operating Cash Flow": "859000000.0", "Capital Expenditure": "-37000000.0", "Acquisitions and disposals": "2000000.0", "Investment purchases and sales": "0.0", "Investing Cash flow": "-3579000000.0", "Issuance (repayment) of debt": "-1563000000.0", "Issuance (buybacks) of shares": "20000000.0", "Dividend payments": "0.0", "Financing Cash Flow": "-1583000000.0", "Effect of forex changes on cash": "-33000000.0", "Net cash flow / Change in cash": "-4336000000.0", "Free Cash Flow": "822000000.0", "Net Cash/Marketcap": "-0.0603"}, {"date": "2016-09-30", "Depreciation & Amortization": "243000000.0", "Stock-based compensation": "32000000.0", "Operating Cash Flow": "456000000.0", "Capital Expenditure": "-28000000.0", "Acquisitions and disposals": "0.0", "Investment purchases and sales": "0.0", "Investing Cash flow": "-37000000.0", "Issuance (repayment) of debt": "1320000000.0", "Issuance (buybacks) of shares": "26000000.0", "Dividend payments": "0.0", "Financing Cash Flow": "1337000000.0", "Effect of forex changes on cash": "2000000.0", "Net cash flow / Change in cash": "1758000000.0", "Free Cash Flow": "428000000.0", "Net Cash/Marketcap": "-0.0603"}, {"date": "2016-06-30", "Depreciation & Amortization": "234000000.0", "Stock-based compensation": "41000000.0", "Operating Cash Flow": "503000000.0", "Capital Expenditure": "-44000000.0", "Acquisitions and disposals": "0.0", "Investment purchases and sales": "0.0", "Investing Cash flow": "-45000000.0", "Issuance (repayment) of debt": "-816000000.0", "Issuance (buybacks) of shares": "36000000.0", "Dividend payments": "-195000000.0", "Financing Cash Flow": "-1033000000.0", "Effect of forex changes on cash": "-26000000.0", "Net cash flow / Change in cash": "-601000000.0", "Free Cash Flow": "459000000.0", "Net Cash/Marketcap": "-0.0603"}, {"date": "2016-03-31", "Depreciation & Amortization": "107000000.0", "Stock-based compensation": "34000000.0", "Operating Cash Flow": "337000000.0", "Capital Expenditure": "-27000000.0", "Acquisitions and disposals": "-4588000000.0", "Investment purchases and sales": "0.0", "Investing Cash flow": "-1068000000.0", "Issuance (repayment) of debt": "1770000000.0", "Issuance (buybacks) of shares": "24000000.0", "Dividend payments": "0.0", "Financing Cash Flow": "1779000000.0", "Effect of forex changes on cash": "1000000.0", "Net cash flow / Change in cash": "1049000000.0", "Free Cash Flow": "310000000.0", "Net Cash/Marketcap": "-0.0603"}, {"date": "2015-12-31", "Depreciation & Amortization": "30000000.0", "Stock-based compensation": "21000000.0", "Operating Cash Flow": "1063000000.0", "Capital Expenditure": "-16000000.0", "Acquisitions and disposals": "-46000000.0", "Investment purchases and sales": "129000000.0", "Investing Cash flow": "-3477000000.0", "Issuance (repayment) of debt": "0.0", "Issuance (buybacks) of shares": "24000000.0", "Dividend payments": "0.0", "Financing Cash Flow": "-30000000.0", "Effect of forex changes on cash": "-98000000.0", "Net cash flow / Change in cash": "-2542000000.0", "Free Cash Flow": "1047000000.0", "Net Cash/Marketcap": "-0.0795"}, {"date": "2015-09-30", "Depreciation & Amortization": "25000000.0", "Stock-based compensation": "51000000.0", "Operating Cash Flow": "-148000000.0", "Capital Expenditure": "-46000000.0", "Acquisitions and disposals": "0.0", "Investment purchases and sales": "-29000000.0", "Investing Cash flow": "-95000000.0", "Issuance (repayment) of debt": "0.0", "Issuance (buybacks) of shares": "21000000.0", "Dividend payments": "0.0", "Financing Cash Flow": "188000000.0", "Effect of forex changes on cash": "4000000.0", "Net cash flow / Change in cash": "-51000000.0", "Free Cash Flow": "-194000000.0", "Net Cash/Marketcap": "-0.0795"}, {"date": "2015-06-30", "Depreciation & Amortization": "20000000.0", "Stock-based compensation": "11000000.0", "Operating Cash Flow": "135000000.0", "Capital Expenditure": "-28000000.0", "Acquisitions and disposals": "0.0", "Investment purchases and sales": "-100000000.0", "Investing Cash flow": "-128000000.0", "Issuance (repayment) of debt": "0.0", "Issuance (buybacks) of shares": "34000000.0", "Dividend payments": "-170000000.0", "Financing Cash Flow": "-148000000.0", "Effect of forex changes on cash": "92000000.0", "Net cash flow / Change in cash": "-49000000.0", "Free Cash Flow": "107000000.0", "Net Cash/Marketcap": "-0.0795"}, {"date": "2015-03-31", "Depreciation & Amortization": "20000000.0", "Stock-based compensation": "9000000.0", "Operating Cash Flow": "209000000.0", "Capital Expenditure": "-21000000.0", "Acquisitions and disposals": "0.0", "Investment purchases and sales": "0.0", "Investing Cash flow": "-16000000.0", "Issuance (repayment) of debt": "-250000000.0", "Issuance (buybacks) of shares": "27000000.0", "Dividend payments": "0.0", "Financing Cash Flow": "-212000000.0", "Effect of forex changes on cash": "-364000000.0", "Net cash flow / Change in cash": "-383000000.0", "Free Cash Flow": "188000000.0", "Net Cash/Marketcap": "-0.0795"}, {"date": "2014-12-31", "Depreciation & Amortization": "29000000.0", "Stock-based compensation": "59000000.0", "Operating Cash Flow": "1234000000.0", "Capital Expenditure": "-17000000.0", "Acquisitions and disposals": "0.0", "Investment purchases and sales": "0.0", "Investing Cash flow": "-4000000.0", "Issuance (repayment) of debt": "0.0", "Issuance (buybacks) of shares": "15000000.0", "Dividend payments": "0.0", "Financing Cash Flow": "-39000000.0", "Effect of forex changes on cash": "-148000000.0", "Net cash flow / Change in cash": "1043000000.0", "Free Cash Flow": "1217000000.0", "Net Cash/Marketcap": "0.0369"}, {"date": "2014-09-30", "Depreciation & Amortization": "23000000.0", "Stock-based compensation": "16000000.0", "Operating Cash Flow": "-145000000.0", "Capital Expenditure": "-28000000.0", "Acquisitions and disposals": "0.0", "Investment purchases and sales": "0.0", "Investing Cash flow": "-46000000.0", "Issuance (repayment) of debt": "0.0", "Issuance (buybacks) of shares": "23000000.0", "Dividend payments": "0.0", "Financing Cash Flow": "22000000.0", "Effect of forex changes on cash": "-225000000.0", "Net cash flow / Change in cash": "-394000000.0", "Free Cash Flow": "-173000000.0", "Net Cash/Marketcap": "0.0369"}, {"date": "2014-06-30", "Depreciation & Amortization": "19000000.0", "Stock-based compensation": "17000000.0", "Operating Cash Flow": "106000000.0", "Capital Expenditure": "-25000000.0", "Acquisitions and disposals": "0.0", "Investment purchases and sales": "0.0", "Investing Cash flow": "-22000000.0", "Issuance (repayment) of debt": "0.0", "Issuance (buybacks) of shares": "18000000.0", "Dividend payments": "-147000000.0", "Financing Cash Flow": "-144000000.0", "Effect of forex changes on cash": "-20000000.0", "Net cash flow / Change in cash": "-80000000.0", "Free Cash Flow": "81000000.0", "Net Cash/Marketcap": "0.0369"}, {"date": "2014-03-31", "Depreciation & Amortization": "19000000.0", "Stock-based compensation": "12000000.0", "Operating Cash Flow": "136000000.0", "Capital Expenditure": "-37000000.0", "Acquisitions and disposals": "0.0", "Investment purchases and sales": "21000000.0", "Investing Cash flow": "-12000000.0", "Issuance (repayment) of debt": "-375000000.0", "Issuance (buybacks) of shares": "119000000.0", "Dividend payments": "0.0", "Financing Cash Flow": "-252000000.0", "Effect of forex changes on cash": "-3000000.0", "Net cash flow / Change in cash": "-131000000.0", "Free Cash Flow": "99000000.0", "Net Cash/Marketcap": "0.0369"}, {"date": "2013-12-31", "Depreciation & Amortization": "40000000.0", "Stock-based compensation": "17000000.0", "Operating Cash Flow": "880000000.0", "Capital Expenditure": "-16000000.0", "Acquisitions and disposals": "0.0", "Investment purchases and sales": "47000000.0", "Investing Cash flow": "117000000.0", "Issuance (repayment) of debt": "4685000000.0", "Issuance (buybacks) of shares": "-5764000000.0", "Dividend payments": "0.0", "Financing Cash Flow": "-1094000000.0", "Effect of forex changes on cash": "63000000.0", "Net cash flow / Change in cash": "-34000000.0", "Free Cash Flow": "864000000.0", "Net Cash/Marketcap": "-0.0202"}, {"date": "2013-09-30", "Depreciation & Amortization": "21000000.0", "Stock-based compensation": "17000000.0", "Operating Cash Flow": "-50000000.0", "Capital Expenditure": "-22000000.0", "Acquisitions and disposals": "0.0", "Investment purchases and sales": "126000000.0", "Investing Cash flow": "15000000.0", "Issuance (repayment) of debt": "0.0", "Issuance (buybacks) of shares": "41000000.0", "Dividend payments": "0.0", "Financing Cash Flow": "47000000.0", "Effect of forex changes on cash": "91000000.0", "Net cash flow / Change in cash": "103000000.0", "Free Cash Flow": "-72000000.0", "Net Cash/Marketcap": "-0.0202"}, {"date": "2013-06-30", "Depreciation & Amortization": "23000000.0", "Stock-based compensation": "22000000.0", "Operating Cash Flow": "109000000.0", "Capital Expenditure": "-19000000.0", "Acquisitions and disposals": "0.0", "Investment purchases and sales": "116000000.0", "Investing Cash flow": "96000000.0", "Issuance (repayment) of debt": "0.0", "Issuance (buybacks) of shares": "18000000.0", "Dividend payments": "-216000000.0", "Financing Cash Flow": "-199000000.0", "Effect of forex changes on cash": "36000000.0", "Net cash flow / Change in cash": "42000000.0", "Free Cash Flow": "90000000.0", "Net Cash/Marketcap": "-0.0202"}, {"date": "2013-03-31", "Depreciation & Amortization": "24000000.0", "Stock-based compensation": "23000000.0", "Operating Cash Flow": "325000000.0", "Capital Expenditure": "-17000000.0", "Acquisitions and disposals": "0.0", "Investment purchases and sales": "87000000.0", "Investing Cash flow": "80000000.0", "Issuance (repayment) of debt": "0.0", "Issuance (buybacks) of shares": "33000000.0", "Dividend payments": "0.0", "Financing Cash Flow": "23000000.0", "Effect of forex changes on cash": "-88000000.0", "Net cash flow / Change in cash": "340000000.0", "Free Cash Flow": "308000000.0", "Net Cash/Marketcap": "-0.0202"}, {"date": "2012-12-31", "Depreciation & Amortization": "51000000.0", "Stock-based compensation": "42000000.0", "Operating Cash Flow": "976000000.0", "Capital Expenditure": "-27000000.0", "Acquisitions and disposals": "0.0", "Investment purchases and sales": "28000000.0", "Investing Cash flow": "21000000.0", "Issuance (repayment) of debt": "0.0", "Issuance (buybacks) of shares": "3000000.0", "Dividend payments": "0.0", "Financing Cash Flow": "-7000000.0", "Effect of forex changes on cash": "60000000.0", "Net cash flow / Change in cash": "1050000000.0", "Free Cash Flow": "949000000.0", "Net Cash/Marketcap": "0.3702"}, {"date": "2012-09-30", "Depreciation & Amortization": "24000000.0", "Stock-based compensation": "33000000.0", "Operating Cash Flow": "124000000.0", "Capital Expenditure": "-20000000.0", "Acquisitions and disposals": "0.0", "Investment purchases and sales": "-28000000.0", "Investing Cash flow": "-71000000.0", "Issuance (repayment) of debt": "0.0", "Issuance (buybacks) of shares": "7000000.0", "Dividend payments": "0.0", "Financing Cash Flow": "6000000.0", "Effect of forex changes on cash": "64000000.0", "Net cash flow / Change in cash": "123000000.0", "Free Cash Flow": "104000000.0", "Net Cash/Marketcap": "0.3702"}, {"date": "2012-06-30", "Depreciation & Amortization": "22000000.0", "Stock-based compensation": "27000000.0", "Operating Cash Flow": "92000000.0", "Capital Expenditure": "-17000000.0", "Acquisitions and disposals": "0.0", "Investment purchases and sales": "23000000.0", "Investing Cash flow": "3000000.0", "Issuance (repayment) of debt": "0.0", "Issuance (buybacks) of shares": "-46000000.0", "Dividend payments": "-204000000.0", "Financing Cash Flow": "-250000000.0", "Effect of forex changes on cash": "-108000000.0", "Net cash flow / Change in cash": "-263000000.0", "Free Cash Flow": "75000000.0", "Net Cash/Marketcap": "0.3702"}, {"date": "2012-03-31", "Depreciation & Amortization": "23000000.0", "Stock-based compensation": "19000000.0", "Operating Cash Flow": "153000000.0", "Capital Expenditure": "-9000000.0", "Acquisitions and disposals": "0.0", "Investment purchases and sales": "-72000000.0", "Investing Cash flow": "-77000000.0", "Issuance (repayment) of debt": "0.0", "Issuance (buybacks) of shares": "-246000000.0", "Dividend payments": "0.0", "Financing Cash Flow": "-246000000.0", "Effect of forex changes on cash": "54000000.0", "Net cash flow / Change in cash": "-116000000.0", "Free Cash Flow": "144000000.0", "Net Cash/Marketcap": "0.3702"}, {"date": "2011-12-31", "Depreciation & Amortization": "71000000.0", "Stock-based compensation": "39000000.0", "Operating Cash Flow": "850000000.0", "Capital Expenditure": "-25000000.0", "Acquisitions and disposals": "0.0", "Investment purchases and sales": "55000000.0", "Investing Cash flow": "56000000.0", "Issuance (repayment) of debt": "0.0", "Issuance (buybacks) of shares": "-138000000.0", "Dividend payments": "0.0", "Financing Cash Flow": "-150000000.0", "Effect of forex changes on cash": "-60000000.0", "Net cash flow / Change in cash": "696000000.0", "Free Cash Flow": "825000000.0", "Net Cash/Marketcap": "0.2525"}, {"date": "2011-09-30", "Depreciation & Amortization": "25000000.0", "Stock-based compensation": "1000000.0", "Operating Cash Flow": "46000000.0", "Capital Expenditure": "-29000000.0", "Acquisitions and disposals": "0.0", "Investment purchases and sales": "204000000.0", "Investing Cash flow": "147000000.0", "Issuance (repayment) of debt": "0.0", "Issuance (buybacks) of shares": "-10000000.0", "Dividend payments": "-2000000.0", "Financing Cash Flow": "5000000.0", "Effect of forex changes on cash": "-63000000.0", "Net cash flow / Change in cash": "135000000.0", "Free Cash Flow": "17000000.0", "Net Cash/Marketcap": "0.2525"}, {"date": "2011-06-30", "Depreciation & Amortization": "26000000.0", "Stock-based compensation": "17000000.0", "Operating Cash Flow": "-78000000.0", "Capital Expenditure": "-14000000.0", "Acquisitions and disposals": "0.0", "Investment purchases and sales": "81000000.0", "Investing Cash flow": "77000000.0", "Issuance (repayment) of debt": "0.0", "Issuance (buybacks) of shares": "-137000000.0", "Dividend payments": "-192000000.0", "Financing Cash Flow": "-326000000.0", "Effect of forex changes on cash": "3000000.0", "Net cash flow / Change in cash": "-324000000.0", "Free Cash Flow": "-92000000.0", "Net Cash/Marketcap": "0.2525"}, {"date": "2011-03-31", "Depreciation & Amortization": "26000000.0", "Stock-based compensation": "22000000.0", "Operating Cash Flow": "134000000.0", "Capital Expenditure": "-4000000.0", "Acquisitions and disposals": "-3000000.0", "Investment purchases and sales": "-7000000.0", "Investing Cash flow": "-14000000.0", "Issuance (repayment) of debt": "0.0", "Issuance (buybacks) of shares": "-338000000.0", "Dividend payments": "0.0", "Financing Cash Flow": "-337000000.0", "Effect of forex changes on cash": "63000000.0", "Net cash flow / Change in cash": "-154000000.0", "Free Cash Flow": "130000000.0", "Net Cash/Marketcap": "0.2525"}, {"date": "2010-12-31", "Depreciation & Amortization": "101000000.0", "Stock-based compensation": "26000000.0", "Operating Cash Flow": "993000000.0", "Capital Expenditure": "-21000000.0", "Acquisitions and disposals": "0.0", "Investment purchases and sales": "-12000000.0", "Investing Cash flow": "11000000.0", "Issuance (repayment) of debt": "0.0", "Issuance (buybacks) of shares": "-319000000.0", "Dividend payments": "-2000000.0", "Financing Cash Flow": "-318000000.0", "Effect of forex changes on cash": "3000000.0", "Net cash flow / Change in cash": "689000000.0", "Free Cash Flow": "972000000.0", "Net Cash/Marketcap": "0.2338"}, {"date": "2010-09-30", "Depreciation & Amortization": "38000000.0", "Stock-based compensation": "28000000.0", "Operating Cash Flow": "182000000.0", "Capital Expenditure": "-37000000.0", "Acquisitions and disposals": "0.0", "Investment purchases and sales": "-8000000.0", "Investing Cash flow": "-96000000.0", "Issuance (repayment) of debt": "0.0", "Issuance (buybacks) of shares": "-240000000.0", "Dividend payments": "0.0", "Financing Cash Flow": "-235000000.0", "Effect of forex changes on cash": "58000000.0", "Net cash flow / Change in cash": "-91000000.0", "Free Cash Flow": "145000000.0", "Net Cash/Marketcap": "0.2338"}, {"date": "2010-06-30", "Depreciation & Amortization": "26000000.0", "Stock-based compensation": "15000000.0", "Operating Cash Flow": "-26000000.0", "Capital Expenditure": "-27000000.0", "Acquisitions and disposals": "-2000000.0", "Investment purchases and sales": "-30000000.0", "Investing Cash flow": "-43000000.0", "Issuance (repayment) of debt": "0.0", "Issuance (buybacks) of shares": "-228000000.0", "Dividend payments": "-187000000.0", "Financing Cash Flow": "-413000000.0", "Effect of forex changes on cash": "1000000.0", "Net cash flow / Change in cash": "-481000000.0", "Free Cash Flow": "-53000000.0", "Net Cash/Marketcap": "0.2338"}, {"date": "2010-03-31", "Depreciation & Amortization": "33000000.0", "Stock-based compensation": "40000000.0", "Operating Cash Flow": "227000000.0", "Capital Expenditure": "-12000000.0", "Acquisitions and disposals": "-2000000.0", "Investment purchases and sales": "-170000000.0", "Investing Cash flow": "-184000000.0", "Issuance (repayment) of debt": "0.0", "Issuance (buybacks) of shares": "-91000000.0", "Dividend payments": "0.0", "Financing Cash Flow": "-87000000.0", "Effect of forex changes on cash": "-29000000.0", "Net cash flow / Change in cash": "-73000000.0", "Free Cash Flow": "215000000.0", "Net Cash/Marketcap": "0.2338"}, {"date": "2009-12-31", "Depreciation & Amortization": "160000000.0", "Stock-based compensation": "37000000.0", "Operating Cash Flow": "813000000.0", "Capital Expenditure": "-28000000.0", "Acquisitions and disposals": "0.0", "Investment purchases and sales": "-162000000.0", "Investing Cash flow": "-145000000.0", "Issuance (repayment) of debt": "0.0", "Issuance (buybacks) of shares": "-257000000.0", "Dividend payments": "0.0", "Financing Cash Flow": "-246000000.0", "Effect of forex changes on cash": "-14000000.0", "Net cash flow / Change in cash": "408000000.0", "Free Cash Flow": "785000000.0", "Net Cash/Marketcap": "0.2303"}, {"date": "2009-09-30", "Depreciation & Amortization": "58000000.0", "Stock-based compensation": "23000000.0", "Operating Cash Flow": "161000000.0", "Capital Expenditure": "-17000000.0", "Acquisitions and disposals": "0.0", "Investment purchases and sales": "-222000000.0", "Investing Cash flow": "-274000000.0", "Issuance (repayment) of debt": "0.0", "Issuance (buybacks) of shares": "-274000000.0", "Dividend payments": "0.0", "Financing Cash Flow": "-262000000.0", "Effect of forex changes on cash": "7000000.0", "Net cash flow / Change in cash": "-368000000.0", "Free Cash Flow": "144000000.0", "Net Cash/Marketcap": "0.1727"}, {"date": "2009-06-30", "Depreciation & Amortization": "60000000.0", "Stock-based compensation": "4000000.0", "Operating Cash Flow": "-118000000.0", "Capital Expenditure": "-14000000.0", "Acquisitions and disposals": "0.0", "Investment purchases and sales": "2000000.0", "Investing Cash flow": "-17000000.0", "Issuance (repayment) of debt": "0.0", "Issuance (buybacks) of shares": "-191000000.0", "Dividend payments": "0.0", "Financing Cash Flow": "-152000000.0", "Effect of forex changes on cash": "27000000.0", "Net cash flow / Change in cash": "-260000000.0", "Free Cash Flow": "-132000000.0", "Net Cash/Marketcap": "0.2303"}], "stock_price": [54.59793103448276, 46.56827586206898, 46.02655172413793, 47.45925925925927, 78.943, 77.45482758620692, 68.63379310344827, 65.98740740740742, 63.21900000000001, 59.18464285714284, 49.22250000000001, 37.50407407407408, 43.984482758620686, 39.636071428571434, 33.49428571428571, 37.49192307692308, 31.612758620689657, 25.209999999999997, 22.934642857142855, 19.757307692307695, 20.783793103448275, 22.166785714285712, 20.253928571428577, 17.669999999999995, 17.027931034482755, 14.520344827586204, 14.506551724137932, 11.095555555555556, 11.536333333333337, 11.860689655172415, 12.519310344827586, 12.131481481481481, 12.303448275862069, 11.590714285714284, 10.979310344827589, 12.16777777777778, 11.084137931034483, 11.06535714285714, 11.920357142857144, 11.025384615384617, 12.237241379310342, 12.222142857142856]}, {"name": "CBS", "income_statement": [{"date": "2019-09-30", "Revenue": "3295000000.0", "Revenue Growth": "0.0098", "Cost of Revenue": "2078000000.0", "Gross Profit": "1217000000.0", "R&D Expenses": "0.0", "SG&A Expense": "584000000.0", "Operating Expenses": "740000000.0", "Operating Income": "477000000.0", "Interest Expense": "114000000.0", "Earnings before Tax": "352000000.0", "Income Tax Expense": "33000000.0", "Net Income - Non-Controlling int": "0.0", "Net Income - Discontinued ops": "0.0", "Net Income": "319000000.0", "Preferred Dividends": "0.0", "Net Income Com": "319000000.0", "EPS": "0.85", "EPS Diluted": "0.85", "Weighted Average Shs Out": "374666806.0", "Weighted Average Shs Out (Dil)": "374666806.0", "Dividend per Share": "0.18", "Gross Margin": "0.3693", "EBITDA Margin": "0.157", "EBIT Margin": "0.1414", "Profit Margin": "0.097", "Free Cash Flow margin": "-0.0021", "EBITDA": "518000000.0", "EBIT": "466000000.0", "Consolidated Income": "319000000.0", "Earnings Before Tax Margin": "0.1068", "Net Profit Margin": "0.0968"}, {"date": "2019-06-30", "Revenue": "3809000000.0", "Revenue Growth": "0.099", "Cost of Revenue": "2509000000.0", "Gross Profit": "1300000000.0", "R&D Expenses": "0.0", "SG&A Expense": "545000000.0", "Operating Expenses": "626000000.0", "Operating Income": "674000000.0", "Interest Expense": "115000000.0", "Earnings before Tax": "559000000.0", "Income Tax Expense": "119000000.0", "Net Income - Non-Controlling int": "0.0", "Net Income - Discontinued ops": "0.0", "Net Income": "440000000.0", "Preferred Dividends": "0.0", "Net Income Com": "440000000.0", "EPS": "1.18", "EPS Diluted": "1.17", "Weighted Average Shs Out": "374812520.0", "Weighted Average Shs Out (Dil)": "374812520.0", "Dividend per Share": "0.18", "Gross Margin": "0.3413", "EBITDA Margin": "0.191", "EBIT Margin": "0.1769", "Profit Margin": "0.116", "Free Cash Flow margin": "-0.0412", "EBITDA": "727000000.0", "EBIT": "674000000.0", "Consolidated Income": "440000000.0", "Earnings Before Tax Margin": "0.1468", "Net Profit Margin": "0.1155"}, {"date": "2019-03-31", "Revenue": "4167000000.0", "Revenue Growth": "0.108", "Cost of Revenue": "2748000000.0", "Gross Profit": "1419000000.0", "R&D Expenses": "0.0", "SG&A Expense": "573000000.0", "Operating Expenses": "212000000.0", "Operating Income": "1207000000.0", "Interest Expense": "117000000.0", "Earnings before Tax": "1087000000.0", "Income Tax Expense": "-496000000.0", "Net Income - Non-Controlling int": "0.0", "Net Income - Discontinued ops": "0.0", "Net Income": "1583000000.0", "Preferred Dividends": "0.0", "Net Income Com": "1583000000.0", "EPS": "4.24", "EPS Diluted": "4.21", "Weighted Average Shs Out": "372969983.0", "Weighted Average Shs Out (Dil)": "372969983.0", "Dividend per Share": "0.18", "Gross Margin": "0.3405", "EBITDA Margin": "0.302", "EBIT Margin": "0.2889", "Profit Margin": "0.38", "Free Cash Flow margin": "0.0986", "EBITDA": "1257000000.0", "EBIT": "1204000000.0", "Consolidated Income": "1583000000.0", "Earnings Before Tax Margin": "0.2609", "Net Profit Margin": "0.3799"}, {"date": "2018-12-31", "Revenue": "4024000000.0", "Revenue Growth": "0.0263", "Cost of Revenue": "2605000000.0", "Gross Profit": "1419000000.0", "R&D Expenses": "0.0", "SG&A Expense": "612000000.0", "Operating Expenses": "789000000.0", "Operating Income": "630000000.0", "Interest Expense": "118000000.0", "Earnings before Tax": "522000000.0", "Income Tax Expense": "-39000000.0", "Net Income - Non-Controlling int": "0.0", "Net Income - Discontinued ops": "0.0", "Net Income": "561000000.0", "Preferred Dividends": "0.0", "Net Income Com": "561000000.0", "EPS": "1.5", "EPS Diluted": "1.48", "Weighted Average Shs Out": "374295243.0", "Weighted Average Shs Out (Dil)": "374295243.0", "Dividend per Share": "0.18", "Gross Margin": "0.3526", "EBITDA Margin": "0.173", "EBIT Margin": "0.159", "Profit Margin": "0.139", "Free Cash Flow margin": "0.0447", "EBITDA": "695000000.0", "EBIT": "640000000.0", "Consolidated Income": "561000000.0", "Earnings Before Tax Margin": "0.1297", "Net Profit Margin": "0.1394"}, {"date": "2018-09-30", "Revenue": "3263000000.0", "Revenue Growth": "0.029", "Cost of Revenue": "1922000000.0", "Gross Profit": "1341000000.0", "R&D Expenses": "0.0", "SG&A Expense": "549000000.0", "Operating Expenses": "668000000.0", "Operating Income": "673000000.0", "Interest Expense": "115000000.0", "Earnings before Tax": "552000000.0", "Income Tax Expense": "64000000.0", "Net Income - Non-Controlling int": "0.0", "Net Income - Discontinued ops": "0.0", "Net Income": "488000000.0", "Preferred Dividends": "0.0", "Net Income Com": "488000000.0", "EPS": "1.3", "EPS Diluted": "1.29", "Weighted Average Shs Out": "376032500.0", "Weighted Average Shs Out (Dil)": "376032500.0", "Dividend per Share": "0.18", "Gross Margin": "0.411", "EBITDA Margin": "0.222", "EBIT Margin": "0.2044", "Profit Margin": "0.15", "Free Cash Flow margin": "0.0306", "EBITDA": "723000000.0", "EBIT": "667000000.0", "Consolidated Income": "488000000.0", "Earnings Before Tax Margin": "0.1692", "Net Profit Margin": "0.1496"}, {"date": "2018-06-30", "Revenue": "3466000000.0", "Revenue Growth": "0.0642", "Cost of Revenue": "2184000000.0", "Gross Profit": "1282000000.0", "R&D Expenses": "0.0", "SG&A Expense": "532000000.0", "Operating Expenses": "647000000.0", "Operating Income": "635000000.0", "Interest Expense": "116000000.0", "Earnings before Tax": "513000000.0", "Income Tax Expense": "113000000.0", "Net Income - Non-Controlling int": "0.0", "Net Income - Discontinued ops": "0.0", "Net Income": "400000000.0", "Preferred Dividends": "0.0", "Net Income Com": "400000000.0", "EPS": "1.06", "EPS Diluted": "1.05", "Weighted Average Shs Out": "378988424.0", "Weighted Average Shs Out (Dil)": "378988424.0", "Dividend per Share": "0.18", "Gross Margin": "0.3699", "EBITDA Margin": "0.198", "EBIT Margin": "0.1815", "Profit Margin": "0.115", "Free Cash Flow margin": "0.0848", "EBITDA": "685000000.0", "EBIT": "629000000.0", "Consolidated Income": "400000000.0", "Earnings Before Tax Margin": "0.148", "Net Profit Margin": "0.1154"}, {"date": "2018-03-31", "Revenue": "3761000000.0", "Revenue Growth": "0.125", "Cost of Revenue": "2400000000.0", "Gross Profit": "1361000000.0", "R&D Expenses": "0.0", "SG&A Expense": "524000000.0", "Operating Expenses": "600000000.0", "Operating Income": "761000000.0", "Interest Expense": "118000000.0", "Earnings before Tax": "646000000.0", "Income Tax Expense": "135000000.0", "Net Income - Non-Controlling int": "0.0", "Net Income - Discontinued ops": "0.0", "Net Income": "511000000.0", "Preferred Dividends": "0.0", "Net Income Com": "511000000.0", "EPS": "1.34", "EPS Diluted": "1.32", "Weighted Average Shs Out": "382719931.0", "Weighted Average Shs Out (Dil)": "382719931.0", "Dividend per Share": "0.18", "Gross Margin": "0.3619", "EBITDA Margin": "0.218", "EBIT Margin": "0.2031", "Profit Margin": "0.136", "Free Cash Flow margin": "0.1827", "EBITDA": "820000000.0", "EBIT": "764000000.0", "Consolidated Income": "511000000.0", "Earnings Before Tax Margin": "0.1718", "Net Profit Margin": "0.1359"}, {"date": "2017-12-31", "Revenue": "3921000000.0", "Revenue Growth": "0.1146", "Cost of Revenue": "2498000000.0", "Gross Profit": "1423000000.0", "R&D Expenses": "0.0", "SG&A Expense": "606000000.0", "Operating Expenses": "1091000000.0", "Operating Income": "332000000.0", "Interest Expense": "121000000.0", "Earnings before Tax": "113000000.0", "Income Tax Expense": "154000000.0", "Net Income - Non-Controlling int": "0.0", "Net Income - Discontinued ops": "81000000.0", "Net Income": "-41000000.0", "Preferred Dividends": "0.0", "Net Income Com": "-41000000.0", "EPS": "-0.09", "EPS Diluted": "-0.09", "Weighted Average Shs Out": "400178711.0", "Weighted Average Shs Out (Dil)": "400178711.0", "Dividend per Share": "0.18", "Gross Margin": "0.3629", "EBITDA Margin": "0.074", "EBIT Margin": "0.0597", "Profit Margin": "-0.01", "Free Cash Flow margin": "-0.0441", "EBITDA": "291000000.0", "EBIT": "234000000.0", "Consolidated Income": "-41000000.0", "Earnings Before Tax Margin": "0.0288", "Net Profit Margin": "-0.0105"}, {"date": "2017-09-30", "Revenue": "3171000000.0", "Revenue Growth": "0.0282", "Cost of Revenue": "1862000000.0", "Gross Profit": "1309000000.0", "R&D Expenses": "0.0", "SG&A Expense": "525000000.0", "Operating Expenses": "599000000.0", "Operating Income": "710000000.0", "Interest Expense": "116000000.0", "Earnings before Tax": "764000000.0", "Income Tax Expense": "172000000.0", "Net Income - Non-Controlling int": "0.0", "Net Income - Discontinued ops": "-174000000.0", "Net Income": "592000000.0", "Preferred Dividends": "0.0", "Net Income Com": "592000000.0", "EPS": "1.48", "EPS Diluted": "1.46", "Weighted Average Shs Out": "401653582.0", "Weighted Average Shs Out (Dil)": "401653582.0", "Dividend per Share": "0.18", "Gross Margin": "0.4128", "EBITDA Margin": "0.295", "EBIT Margin": "0.2775", "Profit Margin": "0.187", "Free Cash Flow margin": "0.0016", "EBITDA": "935000000.0", "EBIT": "880000000.0", "Consolidated Income": "592000000.0", "Earnings Before Tax Margin": "0.2409", "Net Profit Margin": "0.1867"}, {"date": "2017-06-30", "Revenue": "3257000000.0", "Revenue Growth": "0.0944", "Cost of Revenue": "2004000000.0", "Gross Profit": "1253000000.0", "R&D Expenses": "0.0", "SG&A Expense": "507000000.0", "Operating Expenses": "579000000.0", "Operating Income": "674000000.0", "Interest Expense": "111000000.0", "Earnings before Tax": "227000000.0", "Income Tax Expense": "169000000.0", "Net Income - Non-Controlling int": "0.0", "Net Income - Discontinued ops": "339000000.0", "Net Income": "58000000.0", "Preferred Dividends": "0.0", "Net Income Com": "58000000.0", "EPS": "0.14", "EPS Diluted": "0.14", "Weighted Average Shs Out": "405956688.0", "Weighted Average Shs Out (Dil)": "405956688.0", "Dividend per Share": "0.18", "Gross Margin": "0.3847", "EBITDA Margin": "0.121", "EBIT Margin": "0.1038", "Profit Margin": "0.018", "Free Cash Flow margin": "0.0547", "EBITDA": "394000000.0", "EBIT": "338000000.0", "Consolidated Income": "58000000.0", "Earnings Before Tax Margin": "0.0697", "Net Profit Margin": "0.0178"}, {"date": "2017-03-31", "Revenue": "3343000000.0", "Revenue Growth": "-0.0683", "Cost of Revenue": "2074000000.0", "Gross Profit": "1269000000.0", "R&D Expenses": "0.0", "SG&A Expense": "488000000.0", "Operating Expenses": "564000000.0", "Operating Income": "705000000.0", "Interest Expense": "109000000.0", "Earnings before Tax": "-114000000.0", "Income Tax Expense": "138000000.0", "Net Income - Non-Controlling int": "0.0", "Net Income - Discontinued ops": "706000000.0", "Net Income": "-252000000.0", "Preferred Dividends": "0.0", "Net Income Com": "-252000000.0", "EPS": "-0.61", "EPS Diluted": "-0.61", "Weighted Average Shs Out": "409535133.0", "Weighted Average Shs Out (Dil)": "409535133.0", "Dividend per Share": "0.18", "Gross Margin": "0.3796", "EBITDA Margin": "0.015", "EBIT Margin": "-0.0015", "Profit Margin": "-0.075", "Free Cash Flow margin": "0.207", "EBITDA": "50000000.0", "EBIT": "-5000000.0", "Consolidated Income": "-252000000.0", "Earnings Before Tax Margin": "-0.0341", "Net Profit Margin": "-0.0754"}, {"date": "2016-12-31", "Revenue": "3518000000.0", "Revenue Growth": "0.3054", "Cost of Revenue": "2138000000.0", "Gross Profit": "1380000000.0", "R&D Expenses": "0.0", "SG&A Expense": "520000000.0", "Operating Expenses": "901000000.0", "Operating Income": "479000000.0", "Interest Expense": "107000000.0", "Earnings before Tax": "-9000000.0", "Income Tax Expense": "104000000.0", "Net Income - Non-Controlling int": "0.0", "Net Income - Discontinued ops": "384000000.0", "Net Income": "-113000000.0", "Preferred Dividends": "0.0", "Net Income Com": "-113000000.0", "EPS": "-0.21", "EPS Diluted": "-0.21", "Weighted Average Shs Out": "429702804.0", "Weighted Average Shs Out (Dil)": "429702804.0", "Dividend per Share": "0.18", "Gross Margin": "0.3923", "EBITDA Margin": "0.044", "EBIT Margin": "0.0279", "Profit Margin": "-0.032", "Free Cash Flow margin": "0.0836", "EBITDA": "155000000.0", "EBIT": "98000000.0", "Consolidated Income": "-113000000.0", "Earnings Before Tax Margin": "-0.0026", "Net Profit Margin": "-0.0321"}, {"date": "2016-09-30", "Revenue": "3084000000.0", "Revenue Growth": "-0.0531", "Cost of Revenue": "1788000000.0", "Gross Profit": "1296000000.0", "R&D Expenses": "0.0", "SG&A Expense": "521000000.0", "Operating Expenses": "575000000.0", "Operating Income": "721000000.0", "Interest Expense": "104000000.0", "Earnings before Tax": "623000000.0", "Income Tax Expense": "145000000.0", "Net Income - Non-Controlling int": "0.0", "Net Income - Discontinued ops": "-12000000.0", "Net Income": "478000000.0", "Preferred Dividends": "0.0", "Net Income Com": "478000000.0", "EPS": "1.08", "EPS Diluted": "1.07", "Weighted Average Shs Out": "444601753.0", "Weighted Average Shs Out (Dil)": "444601753.0", "Dividend per Share": "0.18", "Gross Margin": "0.4202", "EBITDA Margin": "0.253", "EBIT Margin": "0.2357", "Profit Margin": "0.155", "Free Cash Flow margin": "0.0042", "EBITDA": "781000000.0", "EBIT": "727000000.0", "Consolidated Income": "478000000.0", "Earnings Before Tax Margin": "0.202", "Net Profit Margin": "0.155"}, {"date": "2016-06-30", "Revenue": "2976000000.0", "Revenue Growth": "-0.0755", "Cost of Revenue": "1758000000.0", "Gross Profit": "1218000000.0", "R&D Expenses": "0.0", "SG&A Expense": "510000000.0", "Operating Expenses": "571000000.0", "Operating Income": "647000000.0", "Interest Expense": "100000000.0", "Earnings before Tax": "596000000.0", "Income Tax Expense": "173000000.0", "Net Income - Non-Controlling int": "0.0", "Net Income - Discontinued ops": "-50000000.0", "Net Income": "423000000.0", "Preferred Dividends": "0.0", "Net Income Com": "423000000.0", "EPS": "0.94", "EPS Diluted": "0.93", "Weighted Average Shs Out": "453040120.0", "Weighted Average Shs Out (Dil)": "453040120.0", "Dividend per Share": "0.15", "Gross Margin": "0.4093", "EBITDA Margin": "0.253", "EBIT Margin": "0.2339", "Profit Margin": "0.142", "Free Cash Flow margin": "0.0632", "EBITDA": "753000000.0", "EBIT": "696000000.0", "Consolidated Income": "423000000.0", "Earnings Before Tax Margin": "0.2003", "Net Profit Margin": "0.1421"}, {"date": "2016-03-31", "Revenue": "3588000000.0", "Revenue Growth": "0.0251", "Cost of Revenue": "2272000000.0", "Gross Profit": "1316000000.0", "R&D Expenses": "0.0", "SG&A Expense": "503000000.0", "Operating Expenses": "554000000.0", "Operating Income": "762000000.0", "Interest Expense": "100000000.0", "Earnings before Tax": "679000000.0", "Income Tax Expense": "206000000.0", "Net Income - Non-Controlling int": "0.0", "Net Income - Discontinued ops": "-31000000.0", "Net Income": "473000000.0", "Preferred Dividends": "0.0", "Net Income Com": "473000000.0", "EPS": "1.03", "EPS Diluted": "1.02", "Weighted Average Shs Out": "459540920.0", "Weighted Average Shs Out (Dil)": "459540920.0", "Dividend per Share": "0.15", "Gross Margin": "0.3668", "EBITDA Margin": "0.233", "EBIT Margin": "0.2171", "Profit Margin": "0.132", "Free Cash Flow margin": "0.277", "EBITDA": "836000000.0", "EBIT": "779000000.0", "Consolidated Income": "473000000.0", "Earnings Before Tax Margin": "0.1892", "Net Profit Margin": "0.1318"}, {"date": "2015-12-31", "Revenue": "2695000000.0", "Revenue Growth": "0.1257", "Cost of Revenue": "2020000000.0", "Gross Profit": "675000000.0", "R&D Expenses": "0.0", "SG&A Expense": "171000000.0", "Operating Expenses": "80000000.0", "Operating Income": "595000000.0", "Interest Expense": "103000000.0", "Earnings before Tax": "358000000.0", "Income Tax Expense": "97000000.0", "Net Income - Non-Controlling int": "0.0", "Net Income - Discontinued ops": "141000000.0", "Net Income": "261000000.0", "Preferred Dividends": "0.0", "Net Income Com": "261000000.0", "EPS": "0.56", "EPS Diluted": "0.56", "Weighted Average Shs Out": "471529669.0", "Weighted Average Shs Out (Dil)": "471529669.0", "Dividend per Share": "0.15", "Gross Margin": "0.2505", "EBITDA Margin": "0.184", "EBIT Margin": "0.1711", "Profit Margin": "0.097", "Free Cash Flow margin": "0.2612", "EBITDA": "497000000.0", "EBIT": "461000000.0", "Consolidated Income": "261000000.0", "Earnings Before Tax Margin": "0.1328", "Net Profit Margin": "0.0968"}, {"date": "2015-09-30", "Revenue": "3257000000.0", "Revenue Growth": "-0.0327", "Cost of Revenue": "1842000000.0", "Gross Profit": "1415000000.0", "R&D Expenses": "0.0", "SG&A Expense": "597000000.0", "Operating Expenses": "666000000.0", "Operating Income": "749000000.0", "Interest Expense": "102000000.0", "Earnings before Tax": "637000000.0", "Income Tax Expense": "211000000.0", "Net Income - Non-Controlling int": "0.0", "Net Income - Discontinued ops": "0.0", "Net Income": "426000000.0", "Preferred Dividends": "0.0", "Net Income Com": "426000000.0", "EPS": "0.89", "EPS Diluted": "0.88", "Weighted Average Shs Out": "482235274.0", "Weighted Average Shs Out (Dil)": "482235274.0", "Dividend per Share": "0.15", "Gross Margin": "0.4344", "EBITDA Margin": "0.247", "EBIT Margin": "0.2269", "Profit Margin": "0.131", "Free Cash Flow margin": "-0.0915", "EBITDA": "804000000.0", "EBIT": "739000000.0", "Consolidated Income": "426000000.0", "Earnings Before Tax Margin": "0.1956", "Net Profit Margin": "0.1308"}, {"date": "2015-06-30", "Revenue": "3219000000.0", "Revenue Growth": "0.0097", "Cost of Revenue": "1907000000.0", "Gross Profit": "1312000000.0", "R&D Expenses": "0.0", "SG&A Expense": "605000000.0", "Operating Expenses": "722000000.0", "Operating Income": "590000000.0", "Interest Expense": "94000000.0", "Earnings before Tax": "497000000.0", "Income Tax Expense": "165000000.0", "Net Income - Non-Controlling int": "0.0", "Net Income - Discontinued ops": "0.0", "Net Income": "332000000.0", "Preferred Dividends": "0.0", "Net Income Com": "332000000.0", "EPS": "0.68", "EPS Diluted": "0.67", "Weighted Average Shs Out": "492142835.0", "Weighted Average Shs Out (Dil)": "492142835.0", "Dividend per Share": "0.15", "Gross Margin": "0.4076", "EBITDA Margin": "0.204", "EBIT Margin": "0.1836", "Profit Margin": "0.103", "Free Cash Flow margin": "0.1295", "EBITDA": "657000000.0", "EBIT": "591000000.0", "Consolidated Income": "332000000.0", "Earnings Before Tax Margin": "0.1544", "Net Profit Margin": "0.1031"}, {"date": "2015-03-31", "Revenue": "3500000000.0", "Revenue Growth": "-0.0196", "Cost of Revenue": "2142000000.0", "Gross Profit": "1358000000.0", "R&D Expenses": "0.0", "SG&A Expense": "588000000.0", "Operating Expenses": "660000000.0", "Operating Income": "698000000.0", "Interest Expense": "93000000.0", "Earnings before Tax": "597000000.0", "Income Tax Expense": "203000000.0", "Net Income - Non-Controlling int": "0.0", "Net Income - Discontinued ops": "0.0", "Net Income": "394000000.0", "Preferred Dividends": "0.0", "Net Income Com": "394000000.0", "EPS": "0.79", "EPS Diluted": "0.78", "Weighted Average Shs Out": "497272250.0", "Weighted Average Shs Out (Dil)": "497272250.0", "Dividend per Share": "0.15", "Gross Margin": "0.388", "EBITDA Margin": "0.217", "EBIT Margin": "0.1971", "Profit Margin": "0.113", "Free Cash Flow margin": "0.1143", "EBITDA": "758000000.0", "EBIT": "690000000.0", "Consolidated Income": "394000000.0", "Earnings Before Tax Margin": "0.1706", "Net Profit Margin": "0.1126"}, {"date": "2014-12-31", "Revenue": "2394000000.0", "Revenue Growth": "-0.3296", "Cost of Revenue": "1834000000.0", "Gross Profit": "560000000.0", "R&D Expenses": "0.0", "SG&A Expense": "178000000.0", "Operating Expenses": "179000000.0", "Operating Income": "381000000.0", "Interest Expense": "87000000.0", "Earnings before Tax": "511000000.0", "Income Tax Expense": "98000000.0", "Net Income - Non-Controlling int": "0.0", "Net Income - Discontinued ops": "-214000000.0", "Net Income": "413000000.0", "Preferred Dividends": "0.0", "Net Income Com": "413000000.0", "EPS": "0.85", "EPS Diluted": "0.83", "Weighted Average Shs Out": "518274106.0", "Weighted Average Shs Out (Dil)": "518274106.0", "Dividend per Share": "0.15", "Gross Margin": "0.2339", "EBITDA Margin": "0.266", "EBIT Margin": "0.2498", "Profit Margin": "0.173", "Free Cash Flow margin": "0.3847", "EBITDA": "638000000.0", "EBIT": "598000000.0", "Consolidated Income": "413000000.0", "Earnings Before Tax Margin": "0.2135", "Net Profit Margin": "0.1725"}, {"date": "2014-09-30", "Revenue": "3367000000.0", "Revenue Growth": "0.0197", "Cost of Revenue": "1936000000.0", "Gross Profit": "1431000000.0", "R&D Expenses": "0.0", "SG&A Expense": "617000000.0", "Operating Expenses": "784000000.0", "Operating Income": "647000000.0", "Interest Expense": "89000000.0", "Earnings before Tax": "1749000000.0", "Income Tax Expense": "110000000.0", "Net Income - Non-Controlling int": "0.0", "Net Income - Discontinued ops": "-1567000000.0", "Net Income": "1639000000.0", "Preferred Dividends": "0.0", "Net Income Com": "1639000000.0", "EPS": "3.08", "EPS Diluted": "3.03", "Weighted Average Shs Out": "526818716.0", "Weighted Average Shs Out (Dil)": "526818716.0", "Dividend per Share": "0.15", "Gross Margin": "0.425", "EBITDA Margin": "0.566", "EBIT Margin": "0.5459", "Profit Margin": "0.487", "Free Cash Flow margin": "-0.1126", "EBITDA": "1906000000.0", "EBIT": "1838000000.0", "Consolidated Income": "1639000000.0", "Earnings Before Tax Margin": "0.5195", "Net Profit Margin": "0.4868"}, {"date": "2014-06-30", "Revenue": "3188000000.0", "Revenue Growth": "-0.0537", "Cost of Revenue": "1798000000.0", "Gross Profit": "1390000000.0", "R&D Expenses": "0.0", "SG&A Expense": "589000000.0", "Operating Expenses": "654000000.0", "Operating Income": "736000000.0", "Interest Expense": "94000000.0", "Earnings before Tax": "656000000.0", "Income Tax Expense": "217000000.0", "Net Income - Non-Controlling int": "0.0", "Net Income - Discontinued ops": "-21000000.0", "Net Income": "439000000.0", "Preferred Dividends": "0.0", "Net Income Com": "439000000.0", "EPS": "0.77", "EPS Diluted": "0.76", "Weighted Average Shs Out": "568296059.0", "Weighted Average Shs Out (Dil)": "568296059.0", "Dividend per Share": "0.12", "Gross Margin": "0.436", "EBITDA Margin": "0.258", "EBIT Margin": "0.2353", "Profit Margin": "0.138", "Free Cash Flow margin": "0.0257", "EBITDA": "821000000.0", "EBIT": "750000000.0", "Consolidated Income": "439000000.0", "Earnings Before Tax Margin": "0.2058", "Net Profit Margin": "0.1377"}, {"date": "2014-03-31", "Revenue": "3570000000.0", "Revenue Growth": "-0.1163", "Cost of Revenue": "2121000000.0", "Gross Profit": "1449000000.0", "R&D Expenses": "0.0", "SG&A Expense": "587000000.0", "Operating Expenses": "653000000.0", "Operating Income": "796000000.0", "Interest Expense": "93000000.0", "Earnings before Tax": "702000000.0", "Income Tax Expense": "234000000.0", "Net Income - Non-Controlling int": "0.0", "Net Income - Discontinued ops": "-6000000.0", "Net Income": "468000000.0", "Preferred Dividends": "0.0", "Net Income Com": "468000000.0", "EPS": "0.8", "EPS Diluted": "0.78", "Weighted Average Shs Out": "593378347.0", "Weighted Average Shs Out (Dil)": "593378347.0", "Dividend per Share": "0.12", "Gross Margin": "0.4059", "EBITDA Margin": "0.243", "EBIT Margin": "0.2227", "Profit Margin": "0.131", "Free Cash Flow margin": "0.1325", "EBITDA": "866000000.0", "EBIT": "795000000.0", "Consolidated Income": "468000000.0", "Earnings Before Tax Margin": "0.1966", "Net Profit Margin": "0.1311"}, {"date": "2013-12-31", "Revenue": "3571000000.0", "Revenue Growth": "0.4702", "Cost of Revenue": "2122000000.0", "Gross Profit": "1449000000.0", "R&D Expenses": "0.0", "SG&A Expense": "641000000.0", "Operating Expenses": "725000000.0", "Operating Income": "724000000.0", "Interest Expense": "94000000.0", "Earnings before Tax": "670000000.0", "Income Tax Expense": "200000000.0", "Net Income - Non-Controlling int": "0.0", "Net Income - Discontinued ops": "-48000000.0", "Net Income": "470000000.0", "Preferred Dividends": "0.0", "Net Income Com": "470000000.0", "EPS": "0.78", "EPS Diluted": "0.76", "Weighted Average Shs Out": "600083960.0", "Weighted Average Shs Out (Dil)": "600083960.0", "Dividend per Share": "0.12", "Gross Margin": "0.4058", "EBITDA Margin": "0.234", "EBIT Margin": "0.2139", "Profit Margin": "0.132", "Free Cash Flow margin": "0.1269", "EBITDA": "837000000.0", "EBIT": "764000000.0", "Consolidated Income": "470000000.0", "Earnings Before Tax Margin": "0.1876", "Net Profit Margin": "0.1316"}, {"date": "2013-09-30", "Revenue": "3302000000.0", "Revenue Growth": "0.011", "Cost of Revenue": "1801000000.0", "Gross Profit": "1501000000.0", "R&D Expenses": "0.0", "SG&A Expense": "667000000.0", "Operating Expenses": "731000000.0", "Operating Income": "770000000.0", "Interest Expense": "93000000.0", "Earnings before Tax": "720000000.0", "Income Tax Expense": "226000000.0", "Net Income - Non-Controlling int": "0.0", "Net Income - Discontinued ops": "-63000000.0", "Net Income": "494000000.0", "Preferred Dividends": "0.0", "Net Income Com": "494000000.0", "EPS": "0.82", "EPS Diluted": "0.8", "Weighted Average Shs Out": "604807073.0", "Weighted Average Shs Out (Dil)": "604807073.0", "Dividend per Share": "0.12", "Gross Margin": "0.4546", "EBITDA Margin": "0.267", "EBIT Margin": "0.2462", "Profit Margin": "0.15", "Free Cash Flow margin": "0.0681", "EBITDA": "883000000.0", "EBIT": "813000000.0", "Consolidated Income": "494000000.0", "Earnings Before Tax Margin": "0.218", "Net Profit Margin": "0.1496"}, {"date": "2013-06-30", "Revenue": "3369000000.0", "Revenue Growth": "0.012", "Cost of Revenue": "1892000000.0", "Gross Profit": "1477000000.0", "R&D Expenses": "0.0", "SG&A Expense": "629000000.0", "Operating Expenses": "708000000.0", "Operating Income": "769000000.0", "Interest Expense": "94000000.0", "Earnings before Tax": "706000000.0", "Income Tax Expense": "234000000.0", "Net Income - Non-Controlling int": "0.0", "Net Income - Discontinued ops": "-37000000.0", "Net Income": "472000000.0", "Preferred Dividends": "0.0", "Net Income Com": "472000000.0", "EPS": "0.78", "EPS Diluted": "0.76", "Weighted Average Shs Out": "613588747.0", "Weighted Average Shs Out (Dil)": "613588747.0", "Dividend per Share": "0.12", "Gross Margin": "0.4384", "EBITDA Margin": "0.247", "EBIT Margin": "0.2375", "Profit Margin": "0.14", "Free Cash Flow margin": "0.1276", "EBITDA": "831000000.0", "EBIT": "800000000.0", "Consolidated Income": "472000000.0", "Earnings Before Tax Margin": "0.2096", "Net Profit Margin": "0.1401"}, {"date": "2013-03-31", "Revenue": "4040000000.0", "Revenue Growth": "0.0643", "Cost of Revenue": "2474000000.0", "Gross Profit": "1566000000.0", "R&D Expenses": "0.0", "SG&A Expense": "650000000.0", "Operating Expenses": "768000000.0", "Operating Income": "798000000.0", "Interest Expense": "95000000.0", "Earnings before Tax": "677000000.0", "Income Tax Expense": "234000000.0", "Net Income - Non-Controlling int": "0.0", "Net Income - Discontinued ops": "20000000.0", "Net Income": "443000000.0", "Preferred Dividends": "0.0", "Net Income Com": "443000000.0", "EPS": "0.71", "EPS Diluted": "0.69", "Weighted Average Shs Out": "629160629.0", "Weighted Average Shs Out (Dil)": "629160629.0", "Dividend per Share": "0.12", "Gross Margin": "0.3876", "EBITDA Margin": "0.22", "EBIT Margin": "0.1911", "Profit Margin": "0.11", "Free Cash Flow margin": "0.1369", "EBITDA": "888000000.0", "EBIT": "772000000.0", "Consolidated Income": "443000000.0", "Earnings Before Tax Margin": "0.1676", "Net Profit Margin": "0.1097"}, {"date": "2012-12-31", "Revenue": "2429000000.0", "Revenue Growth": "-0.2352", "Cost of Revenue": "1447000000.0", "Gross Profit": "982000000.0", "R&D Expenses": "0.0", "SG&A Expense": "490000000.0", "Operating Expenses": "459000000.0", "Operating Income": "523000000.0", "Interest Expense": "93000000.0", "Earnings before Tax": "540000000.0", "Income Tax Expense": "147000000.0", "Net Income - Non-Controlling int": "0.0", "Net Income - Discontinued ops": "-116000000.0", "Net Income": "393000000.0", "Preferred Dividends": "0.0", "Net Income Com": "393000000.0", "EPS": "0.62", "EPS Diluted": "0.61", "Weighted Average Shs Out": "635387969.0", "Weighted Average Shs Out (Dil)": "635387969.0", "Dividend per Share": "0.12", "Gross Margin": "0.4043", "EBITDA Margin": "0.241", "EBIT Margin": "0.2606", "Profit Margin": "0.162", "Free Cash Flow margin": "0.1128", "EBITDA": "585000000.0", "EBIT": "633000000.0", "Consolidated Income": "393000000.0", "Earnings Before Tax Margin": "0.2223", "Net Profit Margin": "0.1618"}, {"date": "2012-09-30", "Revenue": "3266000000.0", "Revenue Growth": "-0.0294", "Cost of Revenue": "1717000000.0", "Gross Profit": "1549000000.0", "R&D Expenses": "0.0", "SG&A Expense": "645000000.0", "Operating Expenses": "764000000.0", "Operating Income": "785000000.0", "Interest Expense": "94000000.0", "Earnings before Tax": "627000000.0", "Income Tax Expense": "236000000.0", "Net Income - Non-Controlling int": "0.0", "Net Income - Discontinued ops": "-6000000.0", "Net Income": "391000000.0", "Preferred Dividends": "0.0", "Net Income Com": "391000000.0", "EPS": "0.61", "EPS Diluted": "0.6", "Weighted Average Shs Out": "640031051.0", "Weighted Average Shs Out (Dil)": "640031051.0", "Dividend per Share": "0.12", "Gross Margin": "0.4743", "EBITDA Margin": "0.256", "EBIT Margin": "0.2208", "Profit Margin": "0.12", "Free Cash Flow margin": "0.0511", "EBITDA": "837000000.0", "EBIT": "721000000.0", "Consolidated Income": "391000000.0", "Earnings Before Tax Margin": "0.192", "Net Profit Margin": "0.1197"}, {"date": "2012-06-30", "Revenue": "3329000000.0", "Revenue Growth": "-0.0717", "Cost of Revenue": "1753000000.0", "Gross Profit": "1576000000.0", "R&D Expenses": "0.0", "SG&A Expense": "665000000.0", "Operating Expenses": "781000000.0", "Operating Income": "795000000.0", "Interest Expense": "104000000.0", "Earnings before Tax": "655000000.0", "Income Tax Expense": "228000000.0", "Net Income - Non-Controlling int": "0.0", "Net Income - Discontinued ops": "25000000.0", "Net Income": "427000000.0", "Preferred Dividends": "0.0", "Net Income Com": "427000000.0", "EPS": "0.66", "EPS Diluted": "0.65", "Weighted Average Shs Out": "648141431.0", "Weighted Average Shs Out (Dil)": "648141431.0", "Dividend per Share": "0.1", "Gross Margin": "0.4734", "EBITDA Margin": "0.264", "EBIT Margin": "0.228", "Profit Margin": "0.128", "Free Cash Flow margin": "0.1691", "EBITDA": "878000000.0", "EBIT": "759000000.0", "Consolidated Income": "427000000.0", "Earnings Before Tax Margin": "0.1968", "Net Profit Margin": "0.1283"}, {"date": "2012-03-31", "Revenue": "3796000000.0", "Revenue Growth": "0.0815", "Cost of Revenue": "2347000000.0", "Gross Profit": "1449000000.0", "R&D Expenses": "0.0", "SG&A Expense": "642000000.0", "Operating Expenses": "767000000.0", "Operating Income": "682000000.0", "Interest Expense": "110000000.0", "Earnings before Tax": "564000000.0", "Income Tax Expense": "201000000.0", "Net Income - Non-Controlling int": "0.0", "Net Income - Discontinued ops": "31000000.0", "Net Income": "363000000.0", "Preferred Dividends": "0.0", "Net Income Com": "363000000.0", "EPS": "0.56", "EPS Diluted": "0.54", "Weighted Average Shs Out": "649083865.0", "Weighted Average Shs Out (Dil)": "649083865.0", "Dividend per Share": "0.1", "Gross Margin": "0.3817", "EBITDA Margin": "0.209", "EBIT Margin": "0.1776", "Profit Margin": "0.096", "Free Cash Flow margin": "0.161", "EBITDA": "793000000.0", "EBIT": "674000000.0", "Consolidated Income": "363000000.0", "Earnings Before Tax Margin": "0.1486", "Net Profit Margin": "0.0956"}, {"date": "2011-12-31", "Revenue": "3176000000.0", "Revenue Growth": "-0.0396", "Cost of Revenue": "1766000000.0", "Gross Profit": "1410000000.0", "R&D Expenses": "0.0", "SG&A Expense": "539000000.0", "Operating Expenses": "669000000.0", "Operating Income": "741000000.0", "Interest Expense": "105000000.0", "Earnings before Tax": "552000000.0", "Income Tax Expense": "182000000.0", "Net Income - Non-Controlling int": "0.0", "Net Income - Discontinued ops": "86000000.0", "Net Income": "370000000.0", "Preferred Dividends": "0.0", "Net Income Com": "370000000.0", "EPS": "0.57", "EPS Diluted": "0.56", "Weighted Average Shs Out": "654412056.0", "Weighted Average Shs Out (Dil)": "654412056.0", "Dividend per Share": "0.1", "Gross Margin": "0.444", "EBITDA Margin": "0.233", "EBIT Margin": "0.2069", "Profit Margin": "0.116", "Free Cash Flow margin": "-0.0076", "EBITDA": "740000000.0", "EBIT": "657000000.0", "Consolidated Income": "370000000.0", "Earnings Before Tax Margin": "0.1738", "Net Profit Margin": "0.1165"}, {"date": "2011-09-30", "Revenue": "3365000000.0", "Revenue Growth": "0.0206", "Cost of Revenue": "1810000000.0", "Gross Profit": "1555000000.0", "R&D Expenses": "0.0", "SG&A Expense": "718000000.0", "Operating Expenses": "873000000.0", "Operating Income": "682000000.0", "Interest Expense": "110000000.0", "Earnings before Tax": "555000000.0", "Income Tax Expense": "217000000.0", "Net Income - Non-Controlling int": "0.0", "Net Income - Discontinued ops": "0.0", "Net Income": "338000000.0", "Preferred Dividends": "0.0", "Net Income Com": "338000000.0", "EPS": "0.51", "EPS Diluted": "0.5", "Weighted Average Shs Out": "669884137.0", "Weighted Average Shs Out (Dil)": "669884137.0", "Dividend per Share": "0.1", "Gross Margin": "0.4621", "EBITDA Margin": "0.237", "EBIT Margin": "0.1976", "Profit Margin": "0.1", "Free Cash Flow margin": "0.0086", "EBITDA": "799000000.0", "EBIT": "665000000.0", "Consolidated Income": "338000000.0", "Earnings Before Tax Margin": "0.1649", "Net Profit Margin": "0.1004"}, {"date": "2011-06-30", "Revenue": "3586000000.0", "Revenue Growth": "0.0766", "Cost of Revenue": "2030000000.0", "Gross Profit": "1556000000.0", "R&D Expenses": "0.0", "SG&A Expense": "683000000.0", "Operating Expenses": "817000000.0", "Operating Income": "739000000.0", "Interest Expense": "110000000.0", "Earnings before Tax": "625000000.0", "Income Tax Expense": "230000000.0", "Net Income - Non-Controlling int": "0.0", "Net Income - Discontinued ops": "0.0", "Net Income": "395000000.0", "Preferred Dividends": "0.0", "Net Income Com": "395000000.0", "EPS": "0.59", "EPS Diluted": "0.58", "Weighted Average Shs Out": "668784443.0", "Weighted Average Shs Out (Dil)": "668784443.0", "Dividend per Share": "0.1", "Gross Margin": "0.4339", "EBITDA Margin": "0.244", "EBIT Margin": "0.205", "Profit Margin": "0.11", "Free Cash Flow margin": "0.1801", "EBITDA": "874000000.0", "EBIT": "735000000.0", "Consolidated Income": "395000000.0", "Earnings Before Tax Margin": "0.1743", "Net Profit Margin": "0.1102"}, {"date": "2011-03-31", "Revenue": "3510000000.0", "Revenue Growth": "-0.0059", "Cost of Revenue": "2276000000.0", "Gross Profit": "1234000000.0", "R&D Expenses": "0.0", "SG&A Expense": "658000000.0", "Operating Expenses": "788000000.0", "Operating Income": "446000000.0", "Interest Expense": "110000000.0", "Earnings before Tax": "324000000.0", "Income Tax Expense": "122000000.0", "Net Income - Non-Controlling int": "0.0", "Net Income - Discontinued ops": "0.0", "Net Income": "202000000.0", "Preferred Dividends": "0.0", "Net Income Com": "202000000.0", "EPS": "0.3", "EPS Diluted": "0.29", "Weighted Average Shs Out": "672399794.0", "Weighted Average Shs Out (Dil)": "672399794.0", "Dividend per Share": "0.05", "Gross Margin": "0.3516", "EBITDA Margin": "0.163", "EBIT Margin": "0.1236", "Profit Margin": "0.058", "Free Cash Flow margin": "0.243", "EBITDA": "573000000.0", "EBIT": "434000000.0", "Consolidated Income": "202000000.0", "Earnings Before Tax Margin": "0.0923", "Net Profit Margin": "0.0575"}, {"date": "2010-12-31", "Revenue": "3307000000.0", "Revenue Growth": "-0.0548", "Cost of Revenue": "1955000000.0", "Gross Profit": "1352000000.0", "R&D Expenses": "0.0", "SG&A Expense": "553000000.0", "Operating Expenses": "610000000.0", "Operating Income": "742000000.0", "Interest Expense": "128000000.0", "Earnings before Tax": "470000000.0", "Income Tax Expense": "187000000.0", "Net Income - Non-Controlling int": "0.0", "Net Income - Discontinued ops": "98000000.0", "Net Income": "283000000.0", "Preferred Dividends": "0.0", "Net Income Com": "283000000.0", "EPS": "0.42", "EPS Diluted": "0.4", "Weighted Average Shs Out": "680893436.0", "Weighted Average Shs Out (Dil)": "680893436.0", "Dividend per Share": "0.05", "Gross Margin": "0.4088", "EBITDA Margin": "0.204", "EBIT Margin": "0.1808", "Profit Margin": "0.086", "Free Cash Flow margin": "0.0212", "EBITDA": "674000000.0", "EBIT": "598000000.0", "Consolidated Income": "283000000.0", "Earnings Before Tax Margin": "0.1421", "Net Profit Margin": "0.0856"}, {"date": "2010-09-30", "Revenue": "3297000000.0", "Revenue Growth": "-0.0158", "Cost of Revenue": "1916000000.0", "Gross Profit": "1381000000.0", "R&D Expenses": "0.0", "SG&A Expense": "624000000.0", "Operating Expenses": "746000000.0", "Operating Income": "635000000.0", "Interest Expense": "127000000.0", "Earnings before Tax": "496000000.0", "Income Tax Expense": "179000000.0", "Net Income - Non-Controlling int": "0.0", "Net Income - Discontinued ops": "0.0", "Net Income": "317000000.0", "Preferred Dividends": "0.0", "Net Income Com": "317000000.0", "EPS": "0.47", "EPS Diluted": "0.46", "Weighted Average Shs Out": "680738654.0", "Weighted Average Shs Out (Dil)": "680738654.0", "Dividend per Share": "0.05", "Gross Margin": "0.4189", "EBITDA Margin": "0.231", "EBIT Margin": "0.189", "Profit Margin": "0.096", "Free Cash Flow margin": "0.0789", "EBITDA": "762000000.0", "EBIT": "623000000.0", "Consolidated Income": "317000000.0", "Earnings Before Tax Margin": "0.1504", "Net Profit Margin": "0.0961"}, {"date": "2010-06-30", "Revenue": "3331000000.0", "Revenue Growth": "0.108", "Cost of Revenue": "2077000000.0", "Gross Profit": "1254000000.0", "R&D Expenses": "0.0", "SG&A Expense": "673000000.0", "Operating Expenses": "833000000.0", "Operating Income": "421000000.0", "Interest Expense": "134000000.0", "Earnings before Tax": "241000000.0", "Income Tax Expense": "91000000.0", "Net Income - Non-Controlling int": "0.0", "Net Income - Discontinued ops": "0.0", "Net Income": "150000000.0", "Preferred Dividends": "0.0", "Net Income Com": "150000000.0", "EPS": "0.22", "EPS Diluted": "0.22", "Weighted Average Shs Out": "679963017.0", "Weighted Average Shs Out (Dil)": "679963017.0", "Dividend per Share": "0.05", "Gross Margin": "0.3765", "EBITDA Margin": "0.156", "EBIT Margin": "0.1126", "Profit Margin": "0.045", "Free Cash Flow margin": "0.1474", "EBITDA": "519000000.0", "EBIT": "375000000.0", "Consolidated Income": "150000000.0", "Earnings Before Tax Margin": "0.0724", "Net Profit Margin": "0.045"}, {"date": "2010-03-31", "Revenue": "3531000000.0", "Revenue Growth": "0.1174", "Cost of Revenue": "2564000000.0", "Gross Profit": "967000000.0", "R&D Expenses": "0.0", "SG&A Expense": "616000000.0", "Operating Expenses": "827000000.0", "Operating Income": "140000000.0", "Interest Expense": "138000000.0", "Earnings before Tax": "-5000000.0", "Income Tax Expense": "21000000.0", "Net Income - Non-Controlling int": "0.0", "Net Income - Discontinued ops": "0.0", "Net Income": "-26000000.0", "Preferred Dividends": "0.0", "Net Income Com": "-26000000.0", "EPS": "-0.04", "EPS Diluted": "-0.04", "Weighted Average Shs Out": "677041907.0", "Weighted Average Shs Out (Dil)": "676300000.0", "Dividend per Share": "0.05", "Gross Margin": "0.2739", "EBITDA Margin": "0.078", "EBIT Margin": "0.0377", "Profit Margin": "-0.007", "Free Cash Flow margin": "0.1869", "EBITDA": "274000000.0", "EBIT": "133000000.0", "Consolidated Income": "-26000000.0", "Earnings Before Tax Margin": "-0.0014", "Net Profit Margin": "-0.0074"}, {"date": "2009-12-31", "Revenue": "3498800000.0", "Revenue Growth": "-0.008", "Cost of Revenue": "2270200000.0", "Gross Profit": "1228600000.0", "R&D Expenses": "0.0", "SG&A Expense": "645700000.0", "Operating Expenses": "987100000.0", "Operating Income": "241500000.0", "Interest Expense": "139500000.0", "Earnings before Tax": "96900000.0", "Income Tax Expense": "37600000.0", "Net Income - Non-Controlling int": "0.0", "Net Income - Discontinued ops": "0.0", "Net Income": "59300000.0", "Preferred Dividends": "0.0", "Net Income Com": "59300000.0", "EPS": "0.09", "EPS Diluted": "0.08", "Weighted Average Shs Out": "677169610.0", "Weighted Average Shs Out (Dil)": "677169610.0", "Dividend per Share": "0.05", "Gross Margin": "0.3511", "EBITDA Margin": "0.11", "EBIT Margin": "0.0676", "Profit Margin": "0.017", "Free Cash Flow margin": "0.0842", "EBITDA": "384500000.0", "EBIT": "236400000.0", "Consolidated Income": "59300000.0", "Earnings Before Tax Margin": "0.0277", "Net Profit Margin": "0.0169"}, {"date": "2009-09-30", "Revenue": "3350000000.0", "Revenue Growth": "-0.0076", "Cost of Revenue": "2132300000.0", "Gross Profit": "1217700000.0", "R&D Expenses": "0.0", "SG&A Expense": "620400000.0", "Operating Expenses": "784500000.0", "Operating Income": "433200000.0", "Interest Expense": "135400000.0", "Earnings before Tax": "287300000.0", "Income Tax Expense": "79700000.0", "Net Income - Non-Controlling int": "0.0", "Net Income - Discontinued ops": "0.0", "Net Income": "207600000.0", "Preferred Dividends": "0.0", "Net Income Com": "207600000.0", "EPS": "0.31", "EPS Diluted": "0.3", "Weighted Average Shs Out": "677723939.0", "Weighted Average Shs Out (Dil)": "677723939.0", "Dividend per Share": "0.05", "Gross Margin": "0.3635", "EBITDA Margin": "0.17", "EBIT Margin": "0.1262", "Profit Margin": "0.062", "Free Cash Flow margin": "0.0377", "EBITDA": "570100000.0", "EBIT": "422700000.0", "Consolidated Income": "207600000.0", "Earnings Before Tax Margin": "0.0858", "Net Profit Margin": "0.062"}, {"date": "2009-06-30", "Revenue": "3006300000.0", "Revenue Growth": "-0.1142", "Cost of Revenue": "1984400000.0", "Gross Profit": "1021900000.0", "R&D Expenses": "0.0", "SG&A Expense": "625700000.0", "Operating Expenses": "783200000.0", "Operating Income": "238700000.0", "Interest Expense": "133900000.0", "Earnings before Tax": "72300000.0", "Income Tax Expense": "56900000.0", "Net Income - Non-Controlling int": "0.0", "Net Income - Discontinued ops": "0.0", "Net Income": "15400000.0", "Preferred Dividends": "0.0", "Net Income Com": "15400000.0", "EPS": "0.02", "EPS Diluted": "0.02", "Weighted Average Shs Out": "679484264.0", "Weighted Average Shs Out (Dil)": "", "Dividend per Share": "0.05", "Gross Margin": "0.3399", "EBITDA Margin": "0.117", "EBIT Margin": "0.0686", "Profit Margin": "0.005", "Free Cash Flow margin": "0.117", "EBITDA": "351400000.0", "EBIT": "206200000.0", "Consolidated Income": "15400000.0", "Earnings Before Tax Margin": "0.024", "Net Profit Margin": "0.0051"}], "balance_sheet": [{"date": "2019-09-30", "Cash and cash equivalents": "196000000.0", "Short-term investments": "0.0", "Cash and short-term investments": "196000000.0", "Receivables": "3685000000.0", "Inventories": "6825000000.0", "Total current assets": "6273000000.0", "Property, Plant & Equipment Net": "2172000000.0", "Goodwill and Intangible Assets": "7719000000.0", "Long-term investments": "0.0", "Tax assets": "779000000.0", "Total non-current assets": "18203000000.0", "Total assets": "24476000000.0", "Payables": "308000000.0", "Short-term debt": "50000000.0", "Total current liabilities": "4122000000.0", "Long-term debt": "10307000000.0", "Total debt": "10357000000.0", "Deferred revenue": "0.0", "Tax Liabilities": "646000000.0", "Deposit Liabilities": "0.0", "Total non-current liabilities": "15302000000.0", "Total liabilities": "19424000000.0", "Other comprehensive income": "-918000000.0", "Retained earnings (deficit)": "-14683000000.0", "Total shareholders equity": "5052000000.0", "Investments": "0.0", "Net Debt": "10161000000.0", "Other Assets": "-4433000000.0", "Other Liabilities": "3764000000.0"}, {"date": "2019-06-30", "Cash and cash equivalents": "216000000.0", "Short-term investments": "0.0", "Cash and short-term investments": "216000000.0", "Receivables": "3795000000.0", "Inventories": "6214000000.0", "Total current assets": "6336000000.0", "Property, Plant & Equipment Net": "2099000000.0", "Goodwill and Intangible Assets": "7722000000.0", "Long-term investments": "0.0", "Tax assets": "785000000.0", "Total non-current assets": "17499000000.0", "Total assets": "23835000000.0", "Payables": "214000000.0", "Short-term debt": "0.0", "Total current liabilities": "3843000000.0", "Long-term debt": "10217000000.0", "Total debt": "10217000000.0", "Deferred revenue": "0.0", "Tax Liabilities": "648000000.0", "Deposit Liabilities": "0.0", "Total non-current liabilities": "15239000000.0", "Total liabilities": "19082000000.0", "Other comprehensive income": "-922000000.0", "Retained earnings (deficit)": "-15002000000.0", "Total shareholders equity": "4753000000.0", "Investments": "0.0", "Net Debt": "10001000000.0", "Other Assets": "-3889000000.0", "Other Liabilities": "3629000000.0"}, {"date": "2019-03-31", "Cash and cash equivalents": "500000000.0", "Short-term investments": "0.0", "Cash and short-term investments": "500000000.0", "Receivables": "4147000000.0", "Inventories": "5846000000.0", "Total current assets": "6732000000.0", "Property, Plant & Equipment Net": "2146000000.0", "Goodwill and Intangible Assets": "7727000000.0", "Long-term investments": "0.0", "Tax assets": "797000000.0", "Total non-current assets": "17343000000.0", "Total assets": "24075000000.0", "Payables": "273000000.0", "Short-term debt": "0.0", "Total current liabilities": "4492000000.0", "Long-term debt": "10224000000.0", "Total debt": "10224000000.0", "Deferred revenue": "0.0", "Tax Liabilities": "837000000.0", "Deposit Liabilities": "0.0", "Total non-current liabilities": "15234000000.0", "Total liabilities": "19726000000.0", "Other comprehensive income": "-934000000.0", "Retained earnings (deficit)": "-15442000000.0", "Total shareholders equity": "4349000000.0", "Investments": "0.0", "Net Debt": "9724000000.0", "Other Assets": "-3761000000.0", "Other Liabilities": "4219000000.0"}, {"date": "2018-12-31", "Cash and cash equivalents": "322000000.0", "Short-term investments": "0.0", "Cash and short-term investments": "322000000.0", "Receivables": "4041000000.0", "Inventories": "5871000000.0", "Total current assets": "6752000000.0", "Property, Plant & Equipment Net": "1209000000.0", "Goodwill and Intangible Assets": "7558000000.0", "Long-term investments": "0.0", "Tax assets": "56000000.0", "Total non-current assets": "15107000000.0", "Total assets": "21859000000.0", "Payables": "201000000.0", "Short-term debt": "674000000.0", "Total current liabilities": "4573000000.0", "Long-term debt": "9465000000.0", "Total debt": "10139000000.0", "Deferred revenue": "0.0", "Tax Liabilities": "399000000.0", "Deposit Liabilities": "0.0", "Total non-current liabilities": "14482000000.0", "Total liabilities": "19055000000.0", "Other comprehensive income": "-775000000.0", "Retained earnings (deficit)": "-17201000000.0", "Total shareholders equity": "2804000000.0", "Investments": "0.0", "Net Debt": "9817000000.0", "Other Assets": "-3482000000.0", "Other Liabilities": "3698000000.0"}, {"date": "2018-09-30", "Cash and cash equivalents": "182000000.0", "Short-term investments": "0.0", "Cash and short-term investments": "182000000.0", "Receivables": "3697000000.0", "Inventories": "5696000000.0", "Total current assets": "6040000000.0", "Property, Plant & Equipment Net": "1222000000.0", "Goodwill and Intangible Assets": "7571000000.0", "Long-term investments": "0.0", "Tax assets": "0.0", "Total non-current assets": "15028000000.0", "Total assets": "21068000000.0", "Payables": "229000000.0", "Short-term debt": "388000000.0", "Total current liabilities": "3993000000.0", "Long-term debt": "9465000000.0", "Total debt": "9853000000.0", "Deferred revenue": "0.0", "Tax Liabilities": "631000000.0", "Deposit Liabilities": "0.0", "Total non-current liabilities": "14561000000.0", "Total liabilities": "18554000000.0", "Other comprehensive income": "-634000000.0", "Retained earnings (deficit)": "-17762000000.0", "Total shareholders equity": "2514000000.0", "Investments": "0.0", "Net Debt": "9671000000.0", "Other Assets": "-3535000000.0", "Other Liabilities": "3376000000.0"}, {"date": "2018-06-30", "Cash and cash equivalents": "252000000.0", "Short-term investments": "0.0", "Cash and short-term investments": "252000000.0", "Receivables": "3597000000.0", "Inventories": "5073000000.0", "Total current assets": "6048000000.0", "Property, Plant & Equipment Net": "1237000000.0", "Goodwill and Intangible Assets": "7576000000.0", "Long-term investments": "0.0", "Tax assets": "0.0", "Total non-current assets": "14337000000.0", "Total assets": "20385000000.0", "Payables": "138000000.0", "Short-term debt": "386000000.0", "Total current liabilities": "3784000000.0", "Long-term debt": "9464000000.0", "Total debt": "9850000000.0", "Deferred revenue": "0.0", "Tax Liabilities": "583000000.0", "Deposit Liabilities": "0.0", "Total non-current liabilities": "14434000000.0", "Total liabilities": "18218000000.0", "Other comprehensive income": "-646000000.0", "Retained earnings (deficit)": "-18250000000.0", "Total shareholders equity": "2167000000.0", "Investments": "0.0", "Net Debt": "9598000000.0", "Other Assets": "-2874000000.0", "Other Liabilities": "3260000000.0"}, {"date": "2018-03-31", "Cash and cash equivalents": "147000000.0", "Short-term investments": "0.0", "Cash and short-term investments": "147000000.0", "Receivables": "3820000000.0", "Inventories": "4845000000.0", "Total current assets": "6191000000.0", "Property, Plant & Equipment Net": "1259000000.0", "Goodwill and Intangible Assets": "7552000000.0", "Long-term investments": "0.0", "Tax assets": "52000000.0", "Total non-current assets": "14400000000.0", "Total assets": "20591000000.0", "Payables": "230000000.0", "Short-term debt": "236000000.0", "Total current liabilities": "4069000000.0", "Long-term debt": "9470000000.0", "Total debt": "9706000000.0", "Deferred revenue": "0.0", "Tax Liabilities": "493000000.0", "Deposit Liabilities": "0.0", "Total non-current liabilities": "14539000000.0", "Total liabilities": "18608000000.0", "Other comprehensive income": "-653000000.0", "Retained earnings (deficit)": "-18650000000.0", "Total shareholders equity": "1983000000.0", "Investments": "0.0", "Net Debt": "9559000000.0", "Other Assets": "-2621000000.0", "Other Liabilities": "3603000000.0"}, {"date": "2017-12-31", "Cash and cash equivalents": "285000000.0", "Short-term investments": "0.0", "Cash and short-term investments": "285000000.0", "Receivables": "3697000000.0", "Inventories": "4709000000.0", "Total current assets": "6273000000.0", "Property, Plant & Equipment Net": "1246000000.0", "Goodwill and Intangible Assets": "7557000000.0", "Long-term investments": "0.0", "Tax assets": "78000000.0", "Total non-current assets": "14570000000.0", "Total assets": "20843000000.0", "Payables": "231000000.0", "Short-term debt": "698000000.0", "Total current liabilities": "3972000000.0", "Long-term debt": "9464000000.0", "Total debt": "10162000000.0", "Deferred revenue": "219000000.0", "Tax Liabilities": "480000000.0", "Deposit Liabilities": "0.0", "Total non-current liabilities": "14893000000.0", "Total liabilities": "18865000000.0", "Other comprehensive income": "-662000000.0", "Retained earnings (deficit)": "-18900000000.0", "Total shareholders equity": "1978000000.0", "Investments": "0.0", "Net Debt": "9877000000.0", "Other Assets": "-2418000000.0", "Other Liabilities": "3043000000.0"}, {"date": "2017-09-30", "Cash and cash equivalents": "144000000.0", "Short-term investments": "0.0", "Cash and short-term investments": "144000000.0", "Receivables": "3598000000.0", "Inventories": "4644000000.0", "Total current assets": "6294000000.0", "Property, Plant & Equipment Net": "1208000000.0", "Goodwill and Intangible Assets": "7508000000.0", "Long-term investments": "0.0", "Tax assets": "0.0", "Total non-current assets": "17600000000.0", "Total assets": "23894000000.0", "Payables": "233000000.0", "Short-term debt": "609000000.0", "Total current liabilities": "4052000000.0", "Long-term debt": "9080000000.0", "Total debt": "9689000000.0", "Deferred revenue": "0.0", "Tax Liabilities": "700000000.0", "Deposit Liabilities": "0.0", "Total non-current liabilities": "16848000000.0", "Total liabilities": "20900000000.0", "Other comprehensive income": "-726000000.0", "Retained earnings (deficit)": "-18859000000.0", "Total shareholders equity": "2994000000.0", "Investments": "0.0", "Net Debt": "9545000000.0", "Other Assets": "-2092000000.0", "Other Liabilities": "3210000000.0"}, {"date": "2017-06-30", "Cash and cash equivalents": "170000000.0", "Short-term investments": "0.0", "Cash and short-term investments": "170000000.0", "Receivables": "3299000000.0", "Inventories": "4019000000.0", "Total current assets": "5686000000.0", "Property, Plant & Equipment Net": "1214000000.0", "Goodwill and Intangible Assets": "7518000000.0", "Long-term investments": "0.0", "Tax assets": "41000000.0", "Total non-current assets": "16967000000.0", "Total assets": "22653000000.0", "Payables": "124000000.0", "Short-term debt": "286000000.0", "Total current liabilities": "3230000000.0", "Long-term debt": "8898000000.0", "Total debt": "9184000000.0", "Deferred revenue": "0.0", "Tax Liabilities": "628000000.0", "Deposit Liabilities": "0.0", "Total non-current liabilities": "16796000000.0", "Total liabilities": "20026000000.0", "Other comprehensive income": "-741000000.0", "Retained earnings (deficit)": "-19451000000.0", "Total shareholders equity": "2627000000.0", "Investments": "0.0", "Net Debt": "9014000000.0", "Other Assets": "-1802000000.0", "Other Liabilities": "2820000000.0"}, {"date": "2017-03-31", "Cash and cash equivalents": "163000000.0", "Short-term investments": "0.0", "Cash and short-term investments": "163000000.0", "Receivables": "3478000000.0", "Inventories": "3747000000.0", "Total current assets": "5620000000.0", "Property, Plant & Equipment Net": "1220000000.0", "Goodwill and Intangible Assets": "7520000000.0", "Long-term investments": "0.0", "Tax assets": "0.0", "Total non-current assets": "17402000000.0", "Total assets": "23022000000.0", "Payables": "158000000.0", "Short-term debt": "53000000.0", "Total current liabilities": "3424000000.0", "Long-term debt": "8900000000.0", "Total debt": "8953000000.0", "Deferred revenue": "173000000.0", "Tax Liabilities": "716000000.0", "Deposit Liabilities": "0.0", "Total non-current liabilities": "16713000000.0", "Total liabilities": "20137000000.0", "Other comprehensive income": "-753000000.0", "Retained earnings (deficit)": "-19509000000.0", "Total shareholders equity": "2885000000.0", "Investments": "0.0", "Net Debt": "8790000000.0", "Other Assets": "-1768000000.0", "Other Liabilities": "3213000000.0"}, {"date": "2016-12-31", "Cash and cash equivalents": "598000000.0", "Short-term investments": "0.0", "Cash and short-term investments": "598000000.0", "Receivables": "3314000000.0", "Inventories": "3866000000.0", "Total current assets": "6063000000.0", "Property, Plant & Equipment Net": "1241000000.0", "Goodwill and Intangible Assets": "7497000000.0", "Long-term investments": "0.0", "Tax assets": "30000000.0", "Total non-current assets": "18175000000.0", "Total assets": "24238000000.0", "Payables": "148000000.0", "Short-term debt": "473000000.0", "Total current liabilities": "3708000000.0", "Long-term debt": "8902000000.0", "Total debt": "9375000000.0", "Deferred revenue": "152000000.0", "Tax Liabilities": "590000000.0", "Deposit Liabilities": "0.0", "Total non-current liabilities": "16841000000.0", "Total liabilities": "20549000000.0", "Other comprehensive income": "-767000000.0", "Retained earnings (deficit)": "-19257000000.0", "Total shareholders equity": "3689000000.0", "Investments": "0.0", "Net Debt": "8777000000.0", "Other Assets": "-1715000000.0", "Other Liabilities": "3087000000.0"}, {"date": "2016-09-30", "Cash and cash equivalents": "179000000.0", "Short-term investments": "0.0", "Cash and short-term investments": "179000000.0", "Receivables": "3348000000.0", "Inventories": "3696000000.0", "Total current assets": "5457000000.0", "Property, Plant & Equipment Net": "1345000000.0", "Goodwill and Intangible Assets": "12030000000.0", "Long-term investments": "0.0", "Tax assets": "39000000.0", "Total non-current assets": "18391000000.0", "Total assets": "23848000000.0", "Payables": "153000000.0", "Short-term debt": "55000000.0", "Total current liabilities": "3098000000.0", "Long-term debt": "8902000000.0", "Total debt": "8957000000.0", "Deferred revenue": "141000000.0", "Tax Liabilities": "1667000000.0", "Deposit Liabilities": "0.0", "Total non-current liabilities": "15402000000.0", "Total liabilities": "18500000000.0", "Other comprehensive income": "-739000000.0", "Retained earnings (deficit)": "-19144000000.0", "Total shareholders equity": "5348000000.0", "Investments": "0.0", "Net Debt": "8778000000.0", "Other Assets": "-1766000000.0", "Other Liabilities": "2890000000.0"}, {"date": "2016-06-30", "Cash and cash equivalents": "176000000.0", "Short-term investments": "0.0", "Cash and short-term investments": "176000000.0", "Receivables": "3243000000.0", "Inventories": "3293000000.0", "Total current assets": "5096000000.0", "Property, Plant & Equipment Net": "1356000000.0", "Goodwill and Intangible Assets": "12035000000.0", "Long-term investments": "0.0", "Tax assets": "39000000.0", "Total non-current assets": "18042000000.0", "Total assets": "23138000000.0", "Payables": "121000000.0", "Short-term debt": "186000000.0", "Total current liabilities": "3087000000.0", "Long-term debt": "8223000000.0", "Total debt": "8409000000.0", "Deferred revenue": "156000000.0", "Tax Liabilities": "1574000000.0", "Deposit Liabilities": "0.0", "Total non-current liabilities": "14663000000.0", "Total liabilities": "17750000000.0", "Other comprehensive income": "-750000000.0", "Retained earnings (deficit)": "-19622000000.0", "Total shareholders equity": "5388000000.0", "Investments": "0.0", "Net Debt": "8233000000.0", "Other Assets": "-1616000000.0", "Other Liabilities": "2780000000.0"}, {"date": "2016-03-31", "Cash and cash equivalents": "411000000.0", "Short-term investments": "0.0", "Cash and short-term investments": "411000000.0", "Receivables": "3678000000.0", "Inventories": "2845000000.0", "Total current assets": "5534000000.0", "Property, Plant & Equipment Net": "1376000000.0", "Goodwill and Intangible Assets": "12042000000.0", "Long-term investments": "0.0", "Tax assets": "0.0", "Total non-current assets": "17967000000.0", "Total assets": "23501000000.0", "Payables": "196000000.0", "Short-term debt": "23000000.0", "Total current liabilities": "3384000000.0", "Long-term debt": "8226000000.0", "Total debt": "8249000000.0", "Deferred revenue": "205000000.0", "Tax Liabilities": "1630000000.0", "Deposit Liabilities": "0.0", "Total non-current liabilities": "14634000000.0", "Total liabilities": "18018000000.0", "Other comprehensive income": "-759000000.0", "Retained earnings (deficit)": "-20045000000.0", "Total shareholders equity": "5483000000.0", "Investments": "0.0", "Net Debt": "7838000000.0", "Other Assets": "-1400000000.0", "Other Liabilities": "3165000000.0"}, {"date": "2015-12-31", "Cash and cash equivalents": "317000000.0", "Short-term investments": "0.0", "Cash and short-term investments": "317000000.0", "Receivables": "3375000000.0", "Inventories": "3227000000.0", "Total current assets": "5747000000.0", "Property, Plant & Equipment Net": "1253000000.0", "Goodwill and Intangible Assets": "7428000000.0", "Long-term investments": "0.0", "Tax assets": "101000000.0", "Total non-current assets": "18018000000.0", "Total assets": "23765000000.0", "Payables": "159000000.0", "Short-term debt": "222000000.0", "Total current liabilities": "3560000000.0", "Long-term debt": "8226000000.0", "Total debt": "8448000000.0", "Deferred revenue": "294000000.0", "Tax Liabilities": "495000000.0", "Deposit Liabilities": "0.0", "Total non-current liabilities": "14642000000.0", "Total liabilities": "18202000000.0", "Other comprehensive income": "-770000000.0", "Retained earnings (deficit)": "-20518000000.0", "Total shareholders equity": "5563000000.0", "Investments": "0.0", "Net Debt": "8131000000.0", "Other Assets": "-1172000000.0", "Other Liabilities": "3179000000.0"}, {"date": "2015-09-30", "Cash and cash equivalents": "133000000.0", "Short-term investments": "0.0", "Cash and short-term investments": "133000000.0", "Receivables": "3397000000.0", "Inventories": "3329000000.0", "Total current assets": "5555000000.0", "Property, Plant & Equipment Net": "1374000000.0", "Goodwill and Intangible Assets": "12660000000.0", "Long-term investments": "0.0", "Tax assets": "122000000.0", "Total non-current assets": "18684000000.0", "Total assets": "24239000000.0", "Payables": "169000000.0", "Short-term debt": "323000000.0", "Total current liabilities": "3432000000.0", "Long-term debt": "8476000000.0", "Total debt": "8799000000.0", "Deferred revenue": "187000000.0", "Tax Liabilities": "1645000000.0", "Deposit Liabilities": "0.0", "Total non-current liabilities": "14928000000.0", "Total liabilities": "18360000000.0", "Other comprehensive income": "-714000000.0", "Retained earnings (deficit)": "-20779000000.0", "Total shareholders equity": "5879000000.0", "Investments": "0.0", "Net Debt": "8666000000.0", "Other Assets": "-1304000000.0", "Other Liabilities": "2940000000.0"}, {"date": "2015-06-30", "Cash and cash equivalents": "320000000.0", "Short-term investments": "0.0", "Cash and short-term investments": "320000000.0", "Receivables": "3124000000.0", "Inventories": "2961000000.0", "Total current assets": "5232000000.0", "Property, Plant & Equipment Net": "1376000000.0", "Goodwill and Intangible Assets": "12660000000.0", "Long-term investments": "0.0", "Tax assets": "181000000.0", "Total non-current assets": "18430000000.0", "Total assets": "23662000000.0", "Payables": "198000000.0", "Short-term debt": "414000000.0", "Total current liabilities": "3467000000.0", "Long-term debt": "7686000000.0", "Total debt": "8100000000.0", "Deferred revenue": "136000000.0", "Tax Liabilities": "1611000000.0", "Deposit Liabilities": "0.0", "Total non-current liabilities": "14232000000.0", "Total liabilities": "17699000000.0", "Other comprehensive income": "-718000000.0", "Retained earnings (deficit)": "-21205000000.0", "Total shareholders equity": "5963000000.0", "Investments": "0.0", "Net Debt": "7780000000.0", "Other Assets": "-1173000000.0", "Other Liabilities": "2855000000.0"}, {"date": "2015-03-31", "Cash and cash equivalents": "331000000.0", "Short-term investments": "0.0", "Cash and short-term investments": "331000000.0", "Receivables": "3295000000.0", "Inventories": "2618000000.0", "Total current assets": "5220000000.0", "Property, Plant & Equipment Net": "1394000000.0", "Goodwill and Intangible Assets": "12666000000.0", "Long-term investments": "0.0", "Tax assets": "190000000.0", "Total non-current assets": "18566000000.0", "Total assets": "23786000000.0", "Payables": "175000000.0", "Short-term debt": "21000000.0", "Total current liabilities": "3092000000.0", "Long-term debt": "7693000000.0", "Total debt": "7714000000.0", "Deferred revenue": "161000000.0", "Tax Liabilities": "1601000000.0", "Deposit Liabilities": "0.0", "Total non-current liabilities": "14297000000.0", "Total liabilities": "17389000000.0", "Other comprehensive income": "-729000000.0", "Retained earnings (deficit)": "-21537000000.0", "Total shareholders equity": "6397000000.0", "Investments": "0.0", "Net Debt": "7383000000.0", "Other Assets": "-1024000000.0", "Other Liabilities": "2896000000.0"}, {"date": "2014-12-31", "Cash and cash equivalents": "428000000.0", "Short-term investments": "0.0", "Cash and short-term investments": "428000000.0", "Receivables": "3459000000.0", "Inventories": "2739000000.0", "Total current assets": "5485000000.0", "Property, Plant & Equipment Net": "1433000000.0", "Goodwill and Intangible Assets": "12706000000.0", "Long-term investments": "0.0", "Tax assets": "161000000.0", "Total non-current assets": "18450000000.0", "Total assets": "23935000000.0", "Payables": "302000000.0", "Short-term debt": "636000000.0", "Total current liabilities": "4033000000.0", "Long-term debt": "6476000000.0", "Total debt": "7112000000.0", "Deferred revenue": "206000000.0", "Tax Liabilities": "1427000000.0", "Deposit Liabilities": "0.0", "Total non-current liabilities": "12932000000.0", "Total liabilities": "16965000000.0", "Other comprehensive income": "-735000000.0", "Retained earnings (deficit)": "-21931000000.0", "Total shareholders equity": "6970000000.0", "Investments": "0.0", "Net Debt": "6684000000.0", "Other Assets": "-1141000000.0", "Other Liabilities": "3095000000.0"}, {"date": "2014-09-30", "Cash and cash equivalents": "178000000.0", "Short-term investments": "0.0", "Cash and short-term investments": "178000000.0", "Receivables": "3378000000.0", "Inventories": "2757000000.0", "Total current assets": "5404000000.0", "Property, Plant & Equipment Net": "1394000000.0", "Goodwill and Intangible Assets": "12457000000.0", "Long-term investments": "0.0", "Tax assets": "238000000.0", "Total non-current assets": "18051000000.0", "Total assets": "23455000000.0", "Payables": "196000000.0", "Short-term debt": "451000000.0", "Total current liabilities": "3397000000.0", "Long-term debt": "6508000000.0", "Total debt": "6959000000.0", "Deferred revenue": "161000000.0", "Tax Liabilities": "1489000000.0", "Deposit Liabilities": "0.0", "Total non-current liabilities": "12532000000.0", "Total liabilities": "15929000000.0", "Other comprehensive income": "-547000000.0", "Retained earnings (deficit)": "-22344000000.0", "Total shareholders equity": "7526000000.0", "Investments": "0.0", "Net Debt": "6781000000.0", "Other Assets": "-909000000.0", "Other Liabilities": "2750000000.0"}, {"date": "2014-06-30", "Cash and cash equivalents": "261000000.0", "Short-term investments": "0.0", "Cash and short-term investments": "261000000.0", "Receivables": "3002000000.0", "Inventories": "2509000000.0", "Total current assets": "5392000000.0", "Property, Plant & Equipment Net": "1424000000.0", "Goodwill and Intangible Assets": "12746000000.0", "Long-term investments": "0.0", "Tax assets": "198000000.0", "Total non-current assets": "20924000000.0", "Total assets": "26316000000.0", "Payables": "148000000.0", "Short-term debt": "401000000.0", "Total current liabilities": "3321000000.0", "Long-term debt": "5846000000.0", "Total debt": "6247000000.0", "Deferred revenue": "148000000.0", "Tax Liabilities": "1436000000.0", "Deposit Liabilities": "0.0", "Total non-current liabilities": "13721000000.0", "Total liabilities": "17042000000.0", "Other comprehensive income": "-523000000.0", "Retained earnings (deficit)": "-23983000000.0", "Total shareholders equity": "9001000000.0", "Investments": "0.0", "Net Debt": "5986000000.0", "Other Assets": "-380000000.0", "Other Liabilities": "2772000000.0"}, {"date": "2014-03-31", "Cash and cash equivalents": "311000000.0", "Short-term investments": "0.0", "Cash and short-term investments": "311000000.0", "Receivables": "3301000000.0", "Inventories": "2176000000.0", "Total current assets": "5077000000.0", "Property, Plant & Equipment Net": "2179000000.0", "Goodwill and Intangible Assets": "14966000000.0", "Long-term investments": "0.0", "Tax assets": "168000000.0", "Total non-current assets": "21038000000.0", "Total assets": "26115000000.0", "Payables": "223000000.0", "Short-term debt": "546000000.0", "Total current liabilities": "4072000000.0", "Long-term debt": "7448000000.0", "Total debt": "7994000000.0", "Deferred revenue": "223000000.0", "Tax Liabilities": "1719000000.0", "Deposit Liabilities": "0.0", "Total non-current liabilities": "13576000000.0", "Total liabilities": "17648000000.0", "Other comprehensive income": "-543000000.0", "Retained earnings (deficit)": "-24422000000.0", "Total shareholders equity": "8467000000.0", "Investments": "0.0", "Net Debt": "7683000000.0", "Other Assets": "-711000000.0", "Other Liabilities": "3303000000.0"}, {"date": "2013-12-31", "Cash and cash equivalents": "368000000.0", "Short-term investments": "0.0", "Cash and short-term investments": "368000000.0", "Receivables": "3234000000.0", "Inventories": "2469000000.0", "Total current assets": "5370000000.0", "Property, Plant & Equipment Net": "1461000000.0", "Goodwill and Intangible Assets": "12458000000.0", "Long-term investments": "0.0", "Tax assets": "152000000.0", "Total non-current assets": "21017000000.0", "Total assets": "26387000000.0", "Payables": "286000000.0", "Short-term debt": "495000000.0", "Total current liabilities": "4207000000.0", "Long-term debt": "5940000000.0", "Total debt": "6435000000.0", "Deferred revenue": "269000000.0", "Tax Liabilities": "1368000000.0", "Deposit Liabilities": "0.0", "Total non-current liabilities": "12214000000.0", "Total liabilities": "16421000000.0", "Other comprehensive income": "-545000000.0", "Retained earnings (deficit)": "-24890000000.0", "Total shareholders equity": "9966000000.0", "Investments": "0.0", "Net Debt": "6067000000.0", "Other Assets": "-701000000.0", "Other Liabilities": "3426000000.0"}, {"date": "2013-09-30", "Cash and cash equivalents": "226000000.0", "Short-term investments": "0.0", "Cash and short-term investments": "226000000.0", "Receivables": "3221000000.0", "Inventories": "2140000000.0", "Total current assets": "4892000000.0", "Property, Plant & Equipment Net": "2200000000.0", "Goodwill and Intangible Assets": "15024000000.0", "Long-term investments": "0.0", "Tax assets": "269000000.0", "Total non-current assets": "21003000000.0", "Total assets": "25895000000.0", "Payables": "227000000.0", "Short-term debt": "362000000.0", "Total current liabilities": "3753000000.0", "Long-term debt": "5944000000.0", "Total debt": "6306000000.0", "Deferred revenue": "213000000.0", "Tax Liabilities": "1571000000.0", "Deposit Liabilities": "0.0", "Total non-current liabilities": "12471000000.0", "Total liabilities": "16224000000.0", "Other comprehensive income": "-723000000.0", "Retained earnings (deficit)": "-25360000000.0", "Total shareholders equity": "9671000000.0", "Investments": "0.0", "Net Debt": "6080000000.0", "Other Assets": "-695000000.0", "Other Liabilities": "3164000000.0"}, {"date": "2013-06-30", "Cash and cash equivalents": "282000000.0", "Short-term investments": "0.0", "Cash and short-term investments": "282000000.0", "Receivables": "2998000000.0", "Inventories": "1994000000.0", "Total current assets": "4770000000.0", "Property, Plant & Equipment Net": "2228000000.0", "Goodwill and Intangible Assets": "15049000000.0", "Long-term investments": "0.0", "Tax assets": "261000000.0", "Total non-current assets": "20923000000.0", "Total assets": "25693000000.0", "Payables": "218000000.0", "Short-term debt": "474000000.0", "Total current liabilities": "3825000000.0", "Long-term debt": "5949000000.0", "Total debt": "6423000000.0", "Deferred revenue": "149000000.0", "Tax Liabilities": "1348000000.0", "Deposit Liabilities": "0.0", "Total non-current liabilities": "12267000000.0", "Total liabilities": "16092000000.0", "Other comprehensive income": "-565000000.0", "Retained earnings (deficit)": "-25854000000.0", "Total shareholders equity": "9601000000.0", "Investments": "0.0", "Net Debt": "6141000000.0", "Other Assets": "-504000000.0", "Other Liabilities": "3133000000.0"}, {"date": "2013-03-31", "Cash and cash equivalents": "409000000.0", "Short-term investments": "0.0", "Cash and short-term investments": "409000000.0", "Receivables": "3130000000.0", "Inventories": "2140000000.0", "Total current assets": "5259000000.0", "Property, Plant & Equipment Net": "2215000000.0", "Goodwill and Intangible Assets": "15062000000.0", "Long-term investments": "0.0", "Tax assets": "257000000.0", "Total non-current assets": "20852000000.0", "Total assets": "26111000000.0", "Payables": "232000000.0", "Short-term debt": "566000000.0", "Total current liabilities": "4440000000.0", "Long-term debt": "5901000000.0", "Total debt": "6467000000.0", "Deferred revenue": "171000000.0", "Tax Liabilities": "1348000000.0", "Deposit Liabilities": "0.0", "Total non-current liabilities": "12277000000.0", "Total liabilities": "16717000000.0", "Other comprehensive income": "-566000000.0", "Retained earnings (deficit)": "-26326000000.0", "Total shareholders equity": "9394000000.0", "Investments": "0.0", "Net Debt": "6058000000.0", "Other Assets": "-420000000.0", "Other Liabilities": "3642000000.0"}, {"date": "2012-12-31", "Cash and cash equivalents": "708000000.0", "Short-term investments": "0.0", "Cash and short-term investments": "708000000.0", "Receivables": "3137000000.0", "Inventories": "2441000000.0", "Total current assets": "5720000000.0", "Property, Plant & Equipment Net": "2271000000.0", "Goodwill and Intangible Assets": "15082000000.0", "Long-term investments": "0.0", "Tax assets": "280000000.0", "Total non-current assets": "20746000000.0", "Total assets": "26466000000.0", "Payables": "386000000.0", "Short-term debt": "18000000.0", "Total current liabilities": "3941000000.0", "Long-term debt": "5904000000.0", "Total debt": "5922000000.0", "Deferred revenue": "232000000.0", "Tax Liabilities": "1254000000.0", "Deposit Liabilities": "0.0", "Total non-current liabilities": "12312000000.0", "Total liabilities": "16253000000.0", "Other comprehensive income": "-569000000.0", "Retained earnings (deficit)": "-26769000000.0", "Total shareholders equity": "10213000000.0", "Investments": "0.0", "Net Debt": "5214000000.0", "Other Assets": "-566000000.0", "Other Liabilities": "3537000000.0"}, {"date": "2012-09-30", "Cash and cash equivalents": "947000000.0", "Short-term investments": "0.0", "Cash and short-term investments": "947000000.0", "Receivables": "3202000000.0", "Inventories": "2152000000.0", "Total current assets": "5788000000.0", "Property, Plant & Equipment Net": "2372000000.0", "Goodwill and Intangible Assets": "15089000000.0", "Long-term investments": "0.0", "Tax assets": "364000000.0", "Total non-current assets": "20604000000.0", "Total assets": "26392000000.0", "Payables": "345000000.0", "Short-term debt": "20000000.0", "Total current liabilities": "3663000000.0", "Long-term debt": "5907000000.0", "Total debt": "5927000000.0", "Deferred revenue": "239000000.0", "Tax Liabilities": "1276000000.0", "Deposit Liabilities": "0.0", "Total non-current liabilities": "12440000000.0", "Total liabilities": "16103000000.0", "Other comprehensive income": "-404000000.0", "Retained earnings (deficit)": "-27162000000.0", "Total shareholders equity": "10289000000.0", "Investments": "0.0", "Net Debt": "4980000000.0", "Other Assets": "-513000000.0", "Other Liabilities": "3298000000.0"}, {"date": "2012-06-30", "Cash and cash equivalents": "1888000000.0", "Short-term investments": "0.0", "Cash and short-term investments": "1888000000.0", "Receivables": "2973000000.0", "Inventories": "1853000000.0", "Total current assets": "6382000000.0", "Property, Plant & Equipment Net": "2394000000.0", "Goodwill and Intangible Assets": "15107000000.0", "Long-term investments": "0.0", "Tax assets": "363000000.0", "Total non-current assets": "20399000000.0", "Total assets": "26781000000.0", "Payables": "309000000.0", "Short-term debt": "901000000.0", "Total current liabilities": "4374000000.0", "Long-term debt": "5900000000.0", "Total debt": "6801000000.0", "Deferred revenue": "186000000.0", "Tax Liabilities": "1164000000.0", "Deposit Liabilities": "0.0", "Total non-current liabilities": "12289000000.0", "Total liabilities": "16663000000.0", "Other comprehensive income": "-434000000.0", "Retained earnings (deficit)": "-27553000000.0", "Total shareholders equity": "10118000000.0", "Investments": "0.0", "Net Debt": "4913000000.0", "Other Assets": "-332000000.0", "Other Liabilities": "3164000000.0"}, {"date": "2012-03-31", "Cash and cash equivalents": "794000000.0", "Short-term investments": "0.0", "Cash and short-term investments": "794000000.0", "Receivables": "3332000000.0", "Inventories": "1999000000.0", "Total current assets": "5783000000.0", "Property, Plant & Equipment Net": "2458000000.0", "Goodwill and Intangible Assets": "15185000000.0", "Long-term investments": "0.0", "Tax assets": "324000000.0", "Total non-current assets": "20610000000.0", "Total assets": "26393000000.0", "Payables": "339000000.0", "Short-term debt": "22000000.0", "Total current liabilities": "4150000000.0", "Long-term debt": "5902000000.0", "Total debt": "5924000000.0", "Deferred revenue": "262000000.0", "Tax Liabilities": "1162000000.0", "Deposit Liabilities": "0.0", "Total non-current liabilities": "12239000000.0", "Total liabilities": "16389000000.0", "Other comprehensive income": "-420000000.0", "Retained earnings (deficit)": "-27980000000.0", "Total shareholders equity": "10004000000.0", "Investments": "0.0", "Net Debt": "5130000000.0", "Other Assets": "-342000000.0", "Other Liabilities": "3789000000.0"}, {"date": "2011-12-31", "Cash and cash equivalents": "660000000.0", "Short-term investments": "0.0", "Cash and short-term investments": "660000000.0", "Receivables": "3086000000.0", "Inventories": "2231000000.0", "Total current assets": "5549000000.0", "Property, Plant & Equipment Net": "2372000000.0", "Goodwill and Intangible Assets": "15092000000.0", "Long-term investments": "0.0", "Tax assets": "335000000.0", "Total non-current assets": "20671000000.0", "Total assets": "26220000000.0", "Payables": "324000000.0", "Short-term debt": "24000000.0", "Total current liabilities": "3937000000.0", "Long-term debt": "5958000000.0", "Total debt": "5982000000.0", "Deferred revenue": "230000000.0", "Tax Liabilities": "1044000000.0", "Deposit Liabilities": "0.0", "Total non-current liabilities": "12375000000.0", "Total liabilities": "16312000000.0", "Other comprehensive income": "-439000000.0", "Retained earnings (deficit)": "-28343000000.0", "Total shareholders equity": "9908000000.0", "Investments": "0.0", "Net Debt": "5322000000.0", "Other Assets": "-428000000.0", "Other Liabilities": "3589000000.0"}, {"date": "2011-09-30", "Cash and cash equivalents": "947000000.0", "Short-term investments": "0.0", "Cash and short-term investments": "947000000.0", "Receivables": "3114000000.0", "Inventories": "1989000000.0", "Total current assets": "5466000000.0", "Property, Plant & Equipment Net": "2525000000.0", "Goodwill and Intangible Assets": "15170000000.0", "Long-term investments": "0.0", "Tax assets": "313000000.0", "Total non-current assets": "20648000000.0", "Total assets": "26114000000.0", "Payables": "374000000.0", "Short-term debt": "30000000.0", "Total current liabilities": "3964000000.0", "Long-term debt": "5961000000.0", "Total debt": "5991000000.0", "Deferred revenue": "297000000.0", "Tax Liabilities": "980000000.0", "Deposit Liabilities": "0.0", "Total non-current liabilities": "12252000000.0", "Total liabilities": "16216000000.0", "Other comprehensive income": "-273000000.0", "Retained earnings (deficit)": "-28713000000.0", "Total shareholders equity": "9898000000.0", "Investments": "0.0", "Net Debt": "5044000000.0", "Other Assets": "-584000000.0", "Other Liabilities": "3560000000.0"}, {"date": "2011-06-30", "Cash and cash equivalents": "1346000000.0", "Short-term investments": "0.0", "Cash and short-term investments": "1346000000.0", "Receivables": "3024000000.0", "Inventories": "1584000000.0", "Total current assets": "5695000000.0", "Property, Plant & Equipment Net": "2595000000.0", "Goodwill and Intangible Assets": "15199000000.0", "Long-term investments": "0.0", "Tax assets": "360000000.0", "Total non-current assets": "20534000000.0", "Total assets": "26229000000.0", "Payables": "372000000.0", "Short-term debt": "31000000.0", "Total current liabilities": "3931000000.0", "Long-term debt": "5964000000.0", "Total debt": "5995000000.0", "Deferred revenue": "307000000.0", "Tax Liabilities": "851000000.0", "Deposit Liabilities": "0.0", "Total non-current liabilities": "12350000000.0", "Total liabilities": "16281000000.0", "Other comprehensive income": "-252000000.0", "Retained earnings (deficit)": "-29051000000.0", "Total shareholders equity": "9948000000.0", "Investments": "0.0", "Net Debt": "4649000000.0", "Other Assets": "-259000000.0", "Other Liabilities": "3528000000.0"}, {"date": "2011-03-31", "Cash and cash equivalents": "972000000.0", "Short-term investments": "0.0", "Cash and short-term investments": "972000000.0", "Receivables": "3146000000.0", "Inventories": "1777000000.0", "Total current assets": "5637000000.0", "Property, Plant & Equipment Net": "2642000000.0", "Goodwill and Intangible Assets": "15229000000.0", "Long-term investments": "0.0", "Tax assets": "357000000.0", "Total non-current assets": "20735000000.0", "Total assets": "26372000000.0", "Payables": "376000000.0", "Short-term debt": "26000000.0", "Total current liabilities": "4195000000.0", "Long-term debt": "5968000000.0", "Total debt": "5994000000.0", "Deferred revenue": "359000000.0", "Tax Liabilities": "789000000.0", "Deposit Liabilities": "0.0", "Total non-current liabilities": "12397000000.0", "Total liabilities": "16592000000.0", "Other comprehensive income": "-266000000.0", "Retained earnings (deficit)": "-29446000000.0", "Total shareholders equity": "9780000000.0", "Investments": "0.0", "Net Debt": "5022000000.0", "Other Assets": "-258000000.0", "Other Liabilities": "3793000000.0"}, {"date": "2010-12-31", "Cash and cash equivalents": "480000000.0", "Short-term investments": "0.0", "Cash and short-term investments": "480000000.0", "Receivables": "3248000000.0", "Inventories": "2116000000.0", "Total current assets": "5395000000.0", "Property, Plant & Equipment Net": "2694000000.0", "Goodwill and Intangible Assets": "15148000000.0", "Long-term investments": "0.0", "Tax assets": "348000000.0", "Total non-current assets": "20748000000.0", "Total assets": "26143000000.0", "Payables": "439000000.0", "Short-term debt": "27000000.0", "Total current liabilities": "4026000000.0", "Long-term debt": "5973000000.0", "Total debt": "6000000000.0", "Deferred revenue": "292000000.0", "Tax Liabilities": "715000000.0", "Deposit Liabilities": "0.0", "Total non-current liabilities": "12296000000.0", "Total liabilities": "16322000000.0", "Other comprehensive income": "-286000000.0", "Retained earnings (deficit)": "-29648000000.0", "Total shareholders equity": "9821000000.0", "Investments": "0.0", "Net Debt": "5520000000.0", "Other Assets": "-449000000.0", "Other Liabilities": "3560000000.0"}, {"date": "2010-09-30", "Cash and cash equivalents": "1072000000.0", "Short-term investments": "0.0", "Cash and short-term investments": "1072000000.0", "Receivables": "3035500000.0", "Inventories": "1946700000.0", "Total current assets": "5678700000.0", "Property, Plant & Equipment Net": "2681800000.0", "Goodwill and Intangible Assets": "15172200000.0", "Long-term investments": "0.0", "Tax assets": "305300000.0", "Total non-current assets": "20809900000.0", "Total assets": "26488600000.0", "Payables": "397400000.0", "Short-term debt": "570500000.0", "Total current liabilities": "4641000000.0", "Long-term debt": "5966700000.0", "Total debt": "6537200000.0", "Deferred revenue": "321400000.0", "Tax Liabilities": "709600000.0", "Deposit Liabilities": "0.0", "Total non-current liabilities": "12320600000.0", "Total liabilities": "16961600000.0", "Other comprehensive income": "-301800000.0", "Retained earnings (deficit)": "-29930500000.0", "Total shareholders equity": "9527000000.0", "Investments": "0.0", "Net Debt": "5465200000.0", "Other Assets": "-375500000.0", "Other Liabilities": "3673100000.0"}, {"date": "2010-06-30", "Cash and cash equivalents": "838100000.0", "Short-term investments": "0.0", "Cash and short-term investments": "838100000.0", "Receivables": "2895600000.0", "Inventories": "1793000000.0", "Total current assets": "5241500000.0", "Property, Plant & Equipment Net": "2715400000.0", "Goodwill and Intangible Assets": "15342100000.0", "Long-term investments": "0.0", "Tax assets": "328200000.0", "Total non-current assets": "20772700000.0", "Total assets": "26014200000.0", "Payables": "332700000.0", "Short-term debt": "26100000.0", "Total current liabilities": "3907700000.0", "Long-term debt": "6515900000.0", "Total debt": "6542000000.0", "Deferred revenue": "266700000.0", "Tax Liabilities": "696500000.0", "Deposit Liabilities": "0.0", "Total non-current liabilities": "12923500000.0", "Total liabilities": "16831200000.0", "Other comprehensive income": "-329500000.0", "Retained earnings (deficit)": "-30247800000.0", "Total shareholders equity": "9183000000.0", "Investments": "0.0", "Net Debt": "5703900000.0", "Other Assets": "-285200000.0", "Other Liabilities": "3548900000.0"}, {"date": "2010-03-31", "Cash and cash equivalents": "872700000.0", "Short-term investments": "0.0", "Cash and short-term investments": "872700000.0", "Receivables": "3198700000.0", "Inventories": "2007000000.0", "Total current assets": "5705200000.0", "Property, Plant & Equipment Net": "2785600000.0", "Goodwill and Intangible Assets": "15377000000.0", "Long-term investments": "0.0", "Tax assets": "322000000.0", "Total non-current assets": "21050900000.0", "Total assets": "26756100000.0", "Payables": "335600000.0", "Short-term debt": "442500000.0", "Total current liabilities": "4712300000.0", "Long-term debt": "6528300000.0", "Total debt": "6970800000.0", "Deferred revenue": "387300000.0", "Tax Liabilities": "610700000.0", "Deposit Liabilities": "0.0", "Total non-current liabilities": "12997700000.0", "Total liabilities": "17710000000.0", "Other comprehensive income": "-323800000.0", "Retained earnings (deficit)": "-30397900000.0", "Total shareholders equity": "9046100000.0", "Investments": "0.0", "Net Debt": "6098100000.0", "Other Assets": "-373200000.0", "Other Liabilities": "3934200000.0"}, {"date": "2009-12-31", "Cash and cash equivalents": "716700000.0", "Short-term investments": "0.0", "Cash and short-term investments": "716700000.0", "Receivables": "2900200000.0", "Inventories": "2549200000.0", "Total current assets": "5636900000.0", "Property, Plant & Equipment Net": "2858700000.0", "Goodwill and Intangible Assets": "15421200000.0", "Long-term investments": "0.0", "Tax assets": "303400000.0", "Total non-current assets": "21325100000.0", "Total assets": "26962000000.0", "Payables": "436400000.0", "Short-term debt": "443600000.0", "Total current liabilities": "4746500000.0", "Long-term debt": "6553300000.0", "Total debt": "6996900000.0", "Deferred revenue": "461500000.0", "Tax Liabilities": "635900000.0", "Deposit Liabilities": "0.0", "Total non-current liabilities": "13196100000.0", "Total liabilities": "17942600000.0", "Other comprehensive income": "-395500000.0", "Retained earnings (deficit)": "-30371700000.0", "Total shareholders equity": "9019400000.0", "Investments": "0.0", "Net Debt": "6280200000.0", "Other Assets": "-529200000.0", "Other Liabilities": "3866500000.0"}, {"date": "2009-09-30", "Cash and cash equivalents": "473800000.0", "Short-term investments": "0.0", "Cash and short-term investments": "473800000.0", "Receivables": "2726900000.0", "Inventories": "2313100000.0", "Total current assets": "21459200000.0", "Property, Plant & Equipment Net": "2899200000.0", "Goodwill and Intangible Assets": "15615200000.0", "Long-term investments": "0.0", "Tax assets": "322200000.0", "Total non-current assets": "13493700000.0", "Total assets": "26560500000.0", "Payables": "373600000.0", "Short-term debt": "22700000.0", "Total current liabilities": "4220600000.0", "Long-term debt": "6963700000.0", "Total debt": "6986400000.0", "Deferred revenue": "409400000.0", "Tax Liabilities": "566500000.0", "Deposit Liabilities": "0.0", "Total non-current liabilities": "13493700000.0", "Total liabilities": "17714300000.0", "Other comprehensive income": "-515800000.0", "Retained earnings (deficit)": "-30430500000.0", "Total shareholders equity": "8846200000.0", "Investments": "0.0", "Net Debt": "6512600000.0", "Other Assets": "-412500000.0", "Other Liabilities": "3824300000.0"}, {"date": "2009-06-30", "Cash and cash equivalents": "341500000.0", "Short-term investments": "0.0", "Cash and short-term investments": "341500000.0", "Receivables": "2677200000.0", "Inventories": "2108000000.0", "Total current assets": "21314800000.0", "Property, Plant & Equipment Net": "2958400000.0", "Goodwill and Intangible Assets": "15697300000.0", "Long-term investments": "0.0", "Tax assets": "320800000.0", "Total non-current assets": "13278900000.0", "Total assets": "26025900000.0", "Payables": "384000000.0", "Short-term debt": "22500000.0", "Total current liabilities": "4136900000.0", "Long-term debt": "6964300000.0", "Total debt": "6986800000.0", "Deferred revenue": "335200000.0", "Tax Liabilities": "392500000.0", "Deposit Liabilities": "0.0", "Total non-current liabilities": "13278900000.0", "Total liabilities": "17415800000.0", "Other comprehensive income": "-539800000.0", "Retained earnings (deficit)": "-30638100000.0", "Total shareholders equity": "8610100000.0", "Investments": "0.0", "Net Debt": "6645300000.0", "Other Assets": "-415600000.0", "Other Liabilities": "3730400000.0"}], "cash_flow": [{"date": "2019-09-30", "Depreciation & Amortization": "52000000.0", "Stock-based compensation": "42000000.0", "Operating Cash Flow": "27000000.0", "Capital Expenditure": "-34000000.0", "Acquisitions and disposals": "4000000.0", "Investment purchases and sales": "0.0", "Investing Cash flow": "-29000000.0", "Issuance (repayment) of debt": "46000000.0", "Issuance (buybacks) of shares": "3000000.0", "Dividend payments": "-67000000.0", "Financing Cash Flow": "-18000000.0", "Effect of forex changes on cash": "0.0", "Net cash flow / Change in cash": "-20000000.0", "Free Cash Flow": "-7000000.0", "Net Cash/Marketcap": "-0.6718"}, {"date": "2019-06-30", "Depreciation & Amortization": "53000000.0", "Stock-based compensation": "36000000.0", "Operating Cash Flow": "-124000000.0", "Capital Expenditure": "-33000000.0", "Acquisitions and disposals": "-5000000.0", "Investment purchases and sales": "-15000000.0", "Investing Cash flow": "-53000000.0", "Issuance (repayment) of debt": "-3000000.0", "Issuance (buybacks) of shares": "0.0", "Dividend payments": "-68000000.0", "Financing Cash Flow": "-106000000.0", "Effect of forex changes on cash": "0.0", "Net cash flow / Change in cash": "-283000000.0", "Free Cash Flow": "-157000000.0", "Net Cash/Marketcap": "-0.5278"}, {"date": "2019-03-31", "Depreciation & Amortization": "53000000.0", "Stock-based compensation": "39000000.0", "Operating Cash Flow": "438000000.0", "Capital Expenditure": "-27000000.0", "Acquisitions and disposals": "702000000.0", "Investment purchases and sales": "-42000000.0", "Investing Cash flow": "635000000.0", "Issuance (repayment) of debt": "-784000000.0", "Issuance (buybacks) of shares": "-3000000.0", "Dividend payments": "-70000000.0", "Financing Cash Flow": "-894000000.0", "Effect of forex changes on cash": "0.0", "Net cash flow / Change in cash": "179000000.0", "Free Cash Flow": "411000000.0", "Net Cash/Marketcap": "-0.5408"}, {"date": "2018-12-31", "Depreciation & Amortization": "55000000.0", "Stock-based compensation": "41000000.0", "Operating Cash Flow": "246000000.0", "Capital Expenditure": "-66000000.0", "Acquisitions and disposals": "-2000000.0", "Investment purchases and sales": "-48000000.0", "Investing Cash flow": "-129000000.0", "Issuance (repayment) of debt": "296000000.0", "Issuance (buybacks) of shares": "-85000000.0", "Dividend payments": "-68000000.0", "Financing Cash Flow": "143000000.0", "Effect of forex changes on cash": "0.0", "Net cash flow / Change in cash": "260000000.0", "Free Cash Flow": "180000000.0", "Net Cash/Marketcap": "-0.5999"}, {"date": "2018-09-30", "Depreciation & Amortization": "56000000.0", "Stock-based compensation": "14000000.0", "Operating Cash Flow": "137000000.0", "Capital Expenditure": "-37000000.0", "Acquisitions and disposals": "0.0", "Investment purchases and sales": "-5000000.0", "Investing Cash flow": "-36000000.0", "Issuance (repayment) of debt": "0.0", "Issuance (buybacks) of shares": "-102000000.0", "Dividend payments": "-68000000.0", "Financing Cash Flow": "-171000000.0", "Effect of forex changes on cash": "0.0", "Net cash flow / Change in cash": "-70000000.0", "Free Cash Flow": "100000000.0", "Net Cash/Marketcap": "-0.4612"}, {"date": "2018-06-30", "Depreciation & Amortization": "56000000.0", "Stock-based compensation": "47000000.0", "Operating Cash Flow": "326000000.0", "Capital Expenditure": "-32000000.0", "Acquisitions and disposals": "-29000000.0", "Investment purchases and sales": "-31000000.0", "Investing Cash flow": "-93000000.0", "Issuance (repayment) of debt": "149000000.0", "Issuance (buybacks) of shares": "-202000000.0", "Dividend payments": "-69000000.0", "Financing Cash Flow": "-128000000.0", "Effect of forex changes on cash": "0.0", "Net cash flow / Change in cash": "105000000.0", "Free Cash Flow": "294000000.0", "Net Cash/Marketcap": "-0.4524"}, {"date": "2018-03-31", "Depreciation & Amortization": "56000000.0", "Stock-based compensation": "44000000.0", "Operating Cash Flow": "717000000.0", "Capital Expenditure": "-30000000.0", "Acquisitions and disposals": "0.0", "Investment purchases and sales": "-40000000.0", "Investing Cash flow": "-90000000.0", "Issuance (repayment) of debt": "-466000000.0", "Issuance (buybacks) of shares": "-170000000.0", "Dividend payments": "-71000000.0", "Financing Cash Flow": "-765000000.0", "Effect of forex changes on cash": "0.0", "Net cash flow / Change in cash": "-138000000.0", "Free Cash Flow": "687000000.0", "Net Cash/Marketcap": "-0.4925"}, {"date": "2017-12-31", "Depreciation & Amortization": "57000000.0", "Stock-based compensation": "50000000.0", "Operating Cash Flow": "-100000000.0", "Capital Expenditure": "-73000000.0", "Acquisitions and disposals": "-12000000.0", "Investment purchases and sales": "-43000000.0", "Investing Cash flow": "-130000000.0", "Issuance (repayment) of debt": "405000000.0", "Issuance (buybacks) of shares": "10000000.0", "Dividend payments": "-72000000.0", "Financing Cash Flow": "341000000.0", "Effect of forex changes on cash": "0.0", "Net cash flow / Change in cash": "111000000.0", "Free Cash Flow": "-173000000.0", "Net Cash/Marketcap": "-0.4171"}, {"date": "2017-09-30", "Depreciation & Amortization": "55000000.0", "Stock-based compensation": "44000000.0", "Operating Cash Flow": "49000000.0", "Capital Expenditure": "-44000000.0", "Acquisitions and disposals": "-226000000.0", "Investment purchases and sales": "8000000.0", "Investing Cash flow": "-265000000.0", "Issuance (repayment) of debt": "508000000.0", "Issuance (buybacks) of shares": "-224000000.0", "Dividend payments": "-73000000.0", "Financing Cash Flow": "211000000.0", "Effect of forex changes on cash": "0.0", "Net cash flow / Change in cash": "-5000000.0", "Free Cash Flow": "5000000.0", "Net Cash/Marketcap": "-0.4059"}, {"date": "2017-06-30", "Depreciation & Amortization": "56000000.0", "Stock-based compensation": "45000000.0", "Operating Cash Flow": "219000000.0", "Capital Expenditure": "-41000000.0", "Acquisitions and disposals": "0.0", "Investment purchases and sales": "-16000000.0", "Investing Cash flow": "-63000000.0", "Issuance (repayment) of debt": "251000000.0", "Issuance (buybacks) of shares": "-311000000.0", "Dividend payments": "-74000000.0", "Financing Cash Flow": "-147000000.0", "Effect of forex changes on cash": "0.0", "Net cash flow / Change in cash": "9000000.0", "Free Cash Flow": "178000000.0", "Net Cash/Marketcap": "-0.3481"}, {"date": "2017-03-31", "Depreciation & Amortization": "55000000.0", "Stock-based compensation": "40000000.0", "Operating Cash Flow": "719000000.0", "Capital Expenditure": "-27000000.0", "Acquisitions and disposals": "-21000000.0", "Investment purchases and sales": "-49000000.0", "Investing Cash flow": "-89000000.0", "Issuance (repayment) of debt": "-427000000.0", "Issuance (buybacks) of shares": "-495000000.0", "Dividend payments": "-77000000.0", "Financing Cash Flow": "-1082000000.0", "Effect of forex changes on cash": "0.0", "Net cash flow / Change in cash": "-452000000.0", "Free Cash Flow": "692000000.0", "Net Cash/Marketcap": "-0.3094"}, {"date": "2016-12-31", "Depreciation & Amortization": "57000000.0", "Stock-based compensation": "42000000.0", "Operating Cash Flow": "379000000.0", "Capital Expenditure": "-85000000.0", "Acquisitions and disposals": "-41000000.0", "Investment purchases and sales": "-37000000.0", "Investing Cash flow": "-159000000.0", "Issuance (repayment) of debt": "1753000000.0", "Issuance (buybacks) of shares": "-1455000000.0", "Dividend payments": "-79000000.0", "Financing Cash Flow": "223000000.0", "Effect of forex changes on cash": "0.0", "Net cash flow / Change in cash": "443000000.0", "Free Cash Flow": "294000000.0", "Net Cash/Marketcap": "-0.3172"}, {"date": "2016-09-30", "Depreciation & Amortization": "54000000.0", "Stock-based compensation": "42000000.0", "Operating Cash Flow": "55000000.0", "Capital Expenditure": "-42000000.0", "Acquisitions and disposals": "1000000.0", "Investment purchases and sales": "-1000000.0", "Investing Cash flow": "-39000000.0", "Issuance (repayment) of debt": "550000000.0", "Issuance (buybacks) of shares": "-498000000.0", "Dividend payments": "-67000000.0", "Financing Cash Flow": "-13000000.0", "Effect of forex changes on cash": "0.0", "Net cash flow / Change in cash": "3000000.0", "Free Cash Flow": "13000000.0", "Net Cash/Marketcap": "-0.3607"}, {"date": "2016-06-30", "Depreciation & Amortization": "57000000.0", "Stock-based compensation": "42000000.0", "Operating Cash Flow": "223000000.0", "Capital Expenditure": "-35000000.0", "Acquisitions and disposals": "-3000000.0", "Investment purchases and sales": "-11000000.0", "Investing Cash flow": "-44000000.0", "Issuance (repayment) of debt": "160000000.0", "Issuance (buybacks) of shares": "-496000000.0", "Dividend payments": "-69000000.0", "Financing Cash Flow": "-414000000.0", "Effect of forex changes on cash": "0.0", "Net cash flow / Change in cash": "-235000000.0", "Free Cash Flow": "188000000.0", "Net Cash/Marketcap": "-0.3338"}, {"date": "2016-03-31", "Depreciation & Amortization": "57000000.0", "Stock-based compensation": "39000000.0", "Operating Cash Flow": "1028000000.0", "Capital Expenditure": "-34000000.0", "Acquisitions and disposals": "-29000000.0", "Investment purchases and sales": "-32000000.0", "Investing Cash flow": "-98000000.0", "Issuance (repayment) of debt": "-204000000.0", "Issuance (buybacks) of shares": "-527000000.0", "Dividend payments": "-73000000.0", "Financing Cash Flow": "-842000000.0", "Effect of forex changes on cash": "0.0", "Net cash flow / Change in cash": "88000000.0", "Free Cash Flow": "994000000.0", "Net Cash/Marketcap": "-0.3096"}, {"date": "2015-12-31", "Depreciation & Amortization": "36000000.0", "Stock-based compensation": "29000000.0", "Operating Cash Flow": "771000000.0", "Capital Expenditure": "-67000000.0", "Acquisitions and disposals": "303000000.0", "Investment purchases and sales": "40000000.0", "Investing Cash flow": "260000000.0", "Issuance (repayment) of debt": "-307000000.0", "Issuance (buybacks) of shares": "-463000000.0", "Dividend payments": "-72000000.0", "Financing Cash Flow": "-841000000.0", "Effect of forex changes on cash": "0.0", "Net cash flow / Change in cash": "190000000.0", "Free Cash Flow": "704000000.0", "Net Cash/Marketcap": "-0.3659"}, {"date": "2015-09-30", "Depreciation & Amortization": "65000000.0", "Stock-based compensation": "39000000.0", "Operating Cash Flow": "-240000000.0", "Capital Expenditure": "-58000000.0", "Acquisitions and disposals": "10000000.0", "Investment purchases and sales": "-3000000.0", "Investing Cash flow": "-64000000.0", "Issuance (repayment) of debt": "685000000.0", "Issuance (buybacks) of shares": "-499000000.0", "Dividend payments": "-73000000.0", "Financing Cash Flow": "117000000.0", "Effect of forex changes on cash": "0.0", "Net cash flow / Change in cash": "-187000000.0", "Free Cash Flow": "-298000000.0", "Net Cash/Marketcap": "-0.4504"}, {"date": "2015-06-30", "Depreciation & Amortization": "66000000.0", "Stock-based compensation": "43000000.0", "Operating Cash Flow": "446000000.0", "Capital Expenditure": "-29000000.0", "Acquisitions and disposals": "0.0", "Investment purchases and sales": "-16000000.0", "Investing Cash flow": "-44000000.0", "Issuance (repayment) of debt": "390000000.0", "Issuance (buybacks) of shares": "-740000000.0", "Dividend payments": "-75000000.0", "Financing Cash Flow": "-413000000.0", "Effect of forex changes on cash": "0.0", "Net cash flow / Change in cash": "-11000000.0", "Free Cash Flow": "417000000.0", "Net Cash/Marketcap": "-0.2848"}, {"date": "2015-03-31", "Depreciation & Amortization": "68000000.0", "Stock-based compensation": "46000000.0", "Operating Cash Flow": "417000000.0", "Capital Expenditure": "-17000000.0", "Acquisitions and disposals": "58000000.0", "Investment purchases and sales": "-39000000.0", "Investing Cash flow": "2000000.0", "Issuance (repayment) of debt": "558000000.0", "Issuance (buybacks) of shares": "-969000000.0", "Dividend payments": "-80000000.0", "Financing Cash Flow": "-516000000.0", "Effect of forex changes on cash": "0.0", "Net cash flow / Change in cash": "-97000000.0", "Free Cash Flow": "400000000.0", "Net Cash/Marketcap": "-0.2449"}, {"date": "2014-12-31", "Depreciation & Amortization": "40000000.0", "Stock-based compensation": "20000000.0", "Operating Cash Flow": "987000000.0", "Capital Expenditure": "-66000000.0", "Acquisitions and disposals": "22000000.0", "Investment purchases and sales": "-18000000.0", "Investing Cash flow": "-133000000.0", "Issuance (repayment) of debt": "1749000000.0", "Issuance (buybacks) of shares": "-719000000.0", "Dividend payments": "-78000000.0", "Financing Cash Flow": "-604000000.0", "Effect of forex changes on cash": "0.0", "Net cash flow / Change in cash": "250000000.0", "Free Cash Flow": "921000000.0", "Net Cash/Marketcap": "-0.233"}, {"date": "2014-09-30", "Depreciation & Amortization": "68000000.0", "Stock-based compensation": "33000000.0", "Operating Cash Flow": "-336000000.0", "Capital Expenditure": "-43000000.0", "Acquisitions and disposals": "-25000000.0", "Investment purchases and sales": "-7000000.0", "Investing Cash flow": "-319000000.0", "Issuance (repayment) of debt": "721000000.0", "Issuance (buybacks) of shares": "-317000000.0", "Dividend payments": "-69000000.0", "Financing Cash Flow": "349000000.0", "Effect of forex changes on cash": "0.0", "Net cash flow / Change in cash": "-306000000.0", "Free Cash Flow": "-379000000.0", "Net Cash/Marketcap": "-0.2406"}, {"date": "2014-06-30", "Depreciation & Amortization": "71000000.0", "Stock-based compensation": "44000000.0", "Operating Cash Flow": "123000000.0", "Capital Expenditure": "-41000000.0", "Acquisitions and disposals": "-1000000.0", "Investment purchases and sales": "-22000000.0", "Investing Cash flow": "-84000000.0", "Issuance (repayment) of debt": "-162000000.0", "Issuance (buybacks) of shares": "-320000000.0", "Dividend payments": "-70000000.0", "Financing Cash Flow": "134000000.0", "Effect of forex changes on cash": "0.0", "Net cash flow / Change in cash": "173000000.0", "Free Cash Flow": "82000000.0", "Net Cash/Marketcap": "-0.1695"}, {"date": "2014-03-31", "Depreciation & Amortization": "71000000.0", "Stock-based compensation": "40000000.0", "Operating Cash Flow": "501000000.0", "Capital Expenditure": "-28000000.0", "Acquisitions and disposals": "6000000.0", "Investment purchases and sales": "-39000000.0", "Investing Cash flow": "-65000000.0", "Issuance (repayment) of debt": "-39000000.0", "Issuance (buybacks) of shares": "-1956000000.0", "Dividend payments": "-75000000.0", "Financing Cash Flow": "-522000000.0", "Effect of forex changes on cash": "0.0", "Net cash flow / Change in cash": "-86000000.0", "Free Cash Flow": "473000000.0", "Net Cash/Marketcap": "-0.2095"}, {"date": "2013-12-31", "Depreciation & Amortization": "73000000.0", "Stock-based compensation": "59000000.0", "Operating Cash Flow": "553000000.0", "Capital Expenditure": "-100000000.0", "Acquisitions and disposals": "-21000000.0", "Investment purchases and sales": "-45000000.0", "Investing Cash flow": "-156000000.0", "Issuance (repayment) of debt": "130000000.0", "Issuance (buybacks) of shares": "-296000000.0", "Dividend payments": "-72000000.0", "Financing Cash Flow": "-226000000.0", "Effect of forex changes on cash": "0.0", "Net cash flow / Change in cash": "171000000.0", "Free Cash Flow": "453000000.0", "Net Cash/Marketcap": "-0.1586"}, {"date": "2013-09-30", "Depreciation & Amortization": "70000000.0", "Stock-based compensation": "57000000.0", "Operating Cash Flow": "269000000.0", "Capital Expenditure": "-44000000.0", "Acquisitions and disposals": "184000000.0", "Investment purchases and sales": "-3000000.0", "Investing Cash flow": "114000000.0", "Issuance (repayment) of debt": "-115000000.0", "Issuance (buybacks) of shares": "-262000000.0", "Dividend payments": "-73000000.0", "Financing Cash Flow": "-439000000.0", "Effect of forex changes on cash": "0.0", "Net cash flow / Change in cash": "-56000000.0", "Free Cash Flow": "225000000.0", "Net Cash/Marketcap": "-0.1822"}, {"date": "2013-06-30", "Depreciation & Amortization": "31000000.0", "Stock-based compensation": "46000000.0", "Operating Cash Flow": "464000000.0", "Capital Expenditure": "-34000000.0", "Acquisitions and disposals": "-21000000.0", "Investment purchases and sales": "-103000000.0", "Investing Cash flow": "-176000000.0", "Issuance (repayment) of debt": "-103000000.0", "Issuance (buybacks) of shares": "-250000000.0", "Dividend payments": "-74000000.0", "Financing Cash Flow": "-415000000.0", "Effect of forex changes on cash": "0.0", "Net cash flow / Change in cash": "-127000000.0", "Free Cash Flow": "430000000.0", "Net Cash/Marketcap": "-0.2054"}, {"date": "2013-03-31", "Depreciation & Amortization": "116000000.0", "Stock-based compensation": "60000000.0", "Operating Cash Flow": "587000000.0", "Capital Expenditure": "-34000000.0", "Acquisitions and disposals": "2000000.0", "Investment purchases and sales": "-18000000.0", "Investing Cash flow": "-54000000.0", "Issuance (repayment) of debt": "546000000.0", "Issuance (buybacks) of shares": "-1231000000.0", "Dividend payments": "-81000000.0", "Financing Cash Flow": "-832000000.0", "Effect of forex changes on cash": "0.0", "Net cash flow / Change in cash": "-299000000.0", "Free Cash Flow": "553000000.0", "Net Cash/Marketcap": "-0.2105"}, {"date": "2012-12-31", "Depreciation & Amortization": "-48000000.0", "Stock-based compensation": "29000000.0", "Operating Cash Flow": "335000000.0", "Capital Expenditure": "-61000000.0", "Acquisitions and disposals": "-73000000.0", "Investment purchases and sales": "-35000000.0", "Investing Cash flow": "-232000000.0", "Issuance (repayment) of debt": "-5000000.0", "Issuance (buybacks) of shares": "-270000000.0", "Dividend payments": "-77000000.0", "Financing Cash Flow": "-342000000.0", "Effect of forex changes on cash": "0.0", "Net cash flow / Change in cash": "-239000000.0", "Free Cash Flow": "274000000.0", "Net Cash/Marketcap": "-0.2157"}, {"date": "2012-09-30", "Depreciation & Amortization": "116000000.0", "Stock-based compensation": "38000000.0", "Operating Cash Flow": "222000000.0", "Capital Expenditure": "-55000000.0", "Acquisitions and disposals": "44000000.0", "Investment purchases and sales": "-10000000.0", "Investing Cash flow": "-25000000.0", "Issuance (repayment) of debt": "-888000000.0", "Issuance (buybacks) of shares": "-206000000.0", "Dividend payments": "-64000000.0", "Financing Cash Flow": "-1138000000.0", "Effect of forex changes on cash": "0.0", "Net cash flow / Change in cash": "-941000000.0", "Free Cash Flow": "167000000.0", "Net Cash/Marketcap": "-0.2191"}, {"date": "2012-06-30", "Depreciation & Amortization": "119000000.0", "Stock-based compensation": "39000000.0", "Operating Cash Flow": "612000000.0", "Capital Expenditure": "-49000000.0", "Acquisitions and disposals": "1000000.0", "Investment purchases and sales": "-3000000.0", "Investing Cash flow": "-54000000.0", "Issuance (repayment) of debt": "872000000.0", "Issuance (buybacks) of shares": "-269000000.0", "Dividend payments": "-66000000.0", "Financing Cash Flow": "536000000.0", "Effect of forex changes on cash": "0.0", "Net cash flow / Change in cash": "1094000000.0", "Free Cash Flow": "563000000.0", "Net Cash/Marketcap": "-0.2297"}, {"date": "2012-03-31", "Depreciation & Amortization": "119000000.0", "Stock-based compensation": "41000000.0", "Operating Cash Flow": "646000000.0", "Capital Expenditure": "-35000000.0", "Acquisitions and disposals": "-69000000.0", "Investment purchases and sales": "-30000000.0", "Investing Cash flow": "-140000000.0", "Issuance (repayment) of debt": "-15000000.0", "Issuance (buybacks) of shares": "-224000000.0", "Dividend payments": "-69000000.0", "Financing Cash Flow": "-372000000.0", "Effect of forex changes on cash": "0.0", "Net cash flow / Change in cash": "134000000.0", "Free Cash Flow": "611000000.0", "Net Cash/Marketcap": "-0.2342"}, {"date": "2011-12-31", "Depreciation & Amortization": "83000000.0", "Stock-based compensation": "29000000.0", "Operating Cash Flow": "69000000.0", "Capital Expenditure": "-93000000.0", "Acquisitions and disposals": "3000000.0", "Investment purchases and sales": "-30000000.0", "Investing Cash flow": "-140000000.0", "Issuance (repayment) of debt": "-7000000.0", "Issuance (buybacks) of shares": "-148000000.0", "Dividend payments": "-66000000.0", "Financing Cash Flow": "-216000000.0", "Effect of forex changes on cash": "0.0", "Net cash flow / Change in cash": "-287000000.0", "Free Cash Flow": "-24000000.0", "Net Cash/Marketcap": "-0.2982"}, {"date": "2011-09-30", "Depreciation & Amortization": "134000000.0", "Stock-based compensation": "35000000.0", "Operating Cash Flow": "86000000.0", "Capital Expenditure": "-57000000.0", "Acquisitions and disposals": "-18000000.0", "Investment purchases and sales": "5000000.0", "Investing Cash flow": "-78000000.0", "Issuance (repayment) of debt": "-5000000.0", "Issuance (buybacks) of shares": "-337000000.0", "Dividend payments": "-67000000.0", "Financing Cash Flow": "-407000000.0", "Effect of forex changes on cash": "0.0", "Net cash flow / Change in cash": "-399000000.0", "Free Cash Flow": "29000000.0", "Net Cash/Marketcap": "-0.3695"}, {"date": "2011-06-30", "Depreciation & Amortization": "139000000.0", "Stock-based compensation": "41000000.0", "Operating Cash Flow": "700000000.0", "Capital Expenditure": "-54000000.0", "Acquisitions and disposals": "-2000000.0", "Investment purchases and sales": "-16000000.0", "Investing Cash flow": "-68000000.0", "Issuance (repayment) of debt": "-1000000.0", "Issuance (buybacks) of shares": "-215000000.0", "Dividend payments": "-36000000.0", "Financing Cash Flow": "-258000000.0", "Effect of forex changes on cash": "0.0", "Net cash flow / Change in cash": "374000000.0", "Free Cash Flow": "646000000.0", "Net Cash/Marketcap": "-0.244"}, {"date": "2011-03-31", "Depreciation & Amortization": "139000000.0", "Stock-based compensation": "34000000.0", "Operating Cash Flow": "894000000.0", "Capital Expenditure": "-41000000.0", "Acquisitions and disposals": "-40000000.0", "Investment purchases and sales": "-26000000.0", "Investing Cash flow": "-103000000.0", "Issuance (repayment) of debt": "-6000000.0", "Issuance (buybacks) of shares": "-240000000.0", "Dividend payments": "-37000000.0", "Financing Cash Flow": "-299000000.0", "Effect of forex changes on cash": "0.0", "Net cash flow / Change in cash": "492000000.0", "Free Cash Flow": "853000000.0", "Net Cash/Marketcap": "-0.2983"}, {"date": "2010-12-31", "Depreciation & Amortization": "76000000.0", "Stock-based compensation": "29000000.0", "Operating Cash Flow": "161000000.0", "Capital Expenditure": "-91000000.0", "Acquisitions and disposals": "-1000000.0", "Investment purchases and sales": "-35000000.0", "Investing Cash flow": "-168000000.0", "Issuance (repayment) of debt": "-557000000.0", "Issuance (buybacks) of shares": "3000000.0", "Dividend payments": "-34000000.0", "Financing Cash Flow": "-585000000.0", "Effect of forex changes on cash": "0.0", "Net cash flow / Change in cash": "-592000000.0", "Free Cash Flow": "70000000.0", "Net Cash/Marketcap": "-0.4256"}, {"date": "2010-09-30", "Depreciation & Amortization": "139000000.0", "Stock-based compensation": "37000000.0", "Operating Cash Flow": "323000000.0", "Capital Expenditure": "-63000000.0", "Acquisitions and disposals": "15000000.0", "Investment purchases and sales": "-4000000.0", "Investing Cash flow": "-52000000.0", "Issuance (repayment) of debt": "-4000000.0", "Issuance (buybacks) of shares": "37000000.0", "Dividend payments": "-34000000.0", "Financing Cash Flow": "-37000000.0", "Effect of forex changes on cash": "0.0", "Net cash flow / Change in cash": "234000000.0", "Free Cash Flow": "260000000.0", "Net Cash/Marketcap": "-0.5062"}, {"date": "2010-06-30", "Depreciation & Amortization": "144000000.0", "Stock-based compensation": "37000000.0", "Operating Cash Flow": "550000000.0", "Capital Expenditure": "-59000000.0", "Acquisitions and disposals": "-5000000.0", "Investment purchases and sales": "-10000000.0", "Investing Cash flow": "-74000000.0", "Issuance (repayment) of debt": "-466000000.0", "Issuance (buybacks) of shares": "-10000000.0", "Dividend payments": "-37000000.0", "Financing Cash Flow": "-511000000.0", "Effect of forex changes on cash": "0.0", "Net cash flow / Change in cash": "-35000000.0", "Free Cash Flow": "491000000.0", "Net Cash/Marketcap": "-0.6488"}, {"date": "2010-03-31", "Depreciation & Amortization": "141000000.0", "Stock-based compensation": "33000000.0", "Operating Cash Flow": "701000000.0", "Capital Expenditure": "-41000000.0", "Acquisitions and disposals": "-2000000.0", "Investment purchases and sales": "-31000000.0", "Investing Cash flow": "-74000000.0", "Issuance (repayment) of debt": "-421000000.0", "Issuance (buybacks) of shares": "-23000000.0", "Dividend payments": "-37000000.0", "Financing Cash Flow": "-471000000.0", "Effect of forex changes on cash": "0.0", "Net cash flow / Change in cash": "156000000.0", "Free Cash Flow": "660000000.0", "Net Cash/Marketcap": "-0.6461"}, {"date": "2009-12-31", "Depreciation & Amortization": "148100000.0", "Stock-based compensation": "27800000.0", "Operating Cash Flow": "371100000.0", "Capital Expenditure": "-76500000.0", "Acquisitions and disposals": "44400000.0", "Investment purchases and sales": "-31900000.0", "Investing Cash flow": "-63500000.0", "Issuance (repayment) of debt": "-4000000.0", "Issuance (buybacks) of shares": "18700000.0", "Dividend payments": "-33500000.0", "Financing Cash Flow": "-64900000.0", "Effect of forex changes on cash": "0.0", "Net cash flow / Change in cash": "242700000.0", "Free Cash Flow": "294600000.0", "Net Cash/Marketcap": "-0.6601"}, {"date": "2009-09-30", "Depreciation & Amortization": "147400000.0", "Stock-based compensation": "41400000.0", "Operating Cash Flow": "172600000.0", "Capital Expenditure": "-46200000.0", "Acquisitions and disposals": "47400000.0", "Investment purchases and sales": "-800000.0", "Investing Cash flow": "300000.0", "Issuance (repayment) of debt": "-3900000.0", "Issuance (buybacks) of shares": "-2200000.0", "Dividend payments": "-34900000.0", "Financing Cash Flow": "-40600000.0", "Effect of forex changes on cash": "0.0", "Net cash flow / Change in cash": "132300000.0", "Free Cash Flow": "126400000.0", "Net Cash/Marketcap": "-0.6601"}, {"date": "2009-06-30", "Depreciation & Amortization": "145200000.0", "Stock-based compensation": "33900000.0", "Operating Cash Flow": "416800000.0", "Capital Expenditure": "-65100000.0", "Acquisitions and disposals": "-1700000.0", "Investment purchases and sales": "-11200000.0", "Investing Cash flow": "-78100000.0", "Issuance (repayment) of debt": "-180400000.0", "Issuance (buybacks) of shares": "-12500000.0", "Dividend payments": "-44200000.0", "Financing Cash Flow": "-236800000.0", "Effect of forex changes on cash": "0.0", "Net cash flow / Change in cash": "101900000.0", "Free Cash Flow": "351700000.0", "Net Cash/Marketcap": "-1.4133"}], "stock_price": [40.374827586206884, 50.666206896551714, 49.02655172413793, 46.47444444444444, 55.96833333333333, 56.7255172413793, 51.34172413793103, 58.62518518518519, 58.21266666666668, 63.259285714285696, 67.89250000000001, 63.825185185185184, 53.69068965517241, 54.445, 54.17642857142857, 46.39346153846155, 42.19655172413794, 56.46999999999999, 61.469642857142865, 54.49923076923076, 53.779655172413804, 61.46964285714286, 62.803214285714276, 61.38, 55.90724137931034, 49.48517241379311, 45.89551724137931, 37.63074074074074, 35.741333333333344, 31.81344827586207, 32.324827586206894, 27.01037037037037, 22.416896551724136, 27.390000000000008, 24.39, 19.25222222222222, 16.408620689655177, 14.093214285714284, 14.688571428571427, 13.929230769230768, 12.33068965517241, 6.922142857142858]}]}
